
    <record>
      <header>
        <identifier>oai:alma.01SSHELCOMILLRSVL:997630419303569</identifier>
        <datestamp>2019-02-01T12:06:39Z</datestamp>
        <setSpec>EDS:Set01</setSpec>
      </header>
      <metadata>
        <record xmlns="http://www.loc.gov/MARC21/slim" xmlns:xsi="http://www.w3.org/2001/XMLSchema-instance" xsi:schemaLocation="http://www.loc.gov/MARC21/slim http://www.loc.gov/standards/marcxml/schema/MARC21slim.xsd" >
          <leader>01090cam a2200325Ia 4500</leader>
          <controlfield tag="005">20180919131119.0</controlfield>
          <controlfield tag="008">830117s1939    cau           000 0 eng d</controlfield>
          <controlfield tag="001">997630419303569</controlfield>
          <datafield tag="035" ind1=" " ind2=" ">
            <subfield code="a">(OCoLC)9137138</subfield>
          </datafield>
          <datafield tag="035" ind1=" " ind2=" ">
            <subfield code="a">(OCoLC)ocm09137138 </subfield>
          </datafield>
          <datafield tag="040" ind1=" " ind2=" ">
            <subfield code="a">IME</subfield>
            <subfield code="b">eng</subfield>
            <subfield code="c">IME</subfield>
            <subfield code="d">OCLCQ</subfield>
            <subfield code="d">OCLCF</subfield>
            <subfield code="d">OCLCO</subfield>
            <subfield code="d">OCLCQ</subfield>
          </datafield>
          <datafield tag="043" ind1=" " ind2=" ">
            <subfield code="a">e-ur---</subfield>
          </datafield>
          <datafield tag="082" ind1=" " ind2="4">
            <subfield code="a">261.21</subfield>
            <subfield code="b">G66</subfield>
          </datafield>
          <datafield tag="090" ind1=" " ind2=" ">
            <subfield code="a">DK265</subfield>
            <subfield code="b">.G52x 1939</subfield>
          </datafield>
          <datafield tag="100" ind1="1" ind2=" ">
            <subfield code="a">Gordin, Morris.</subfield>
          </datafield>
          <datafield tag="245" ind1="1" ind2="0">
            <subfield code="a">Culmination of evil ;</subfield>
            <subfield code="b">Satan behind Bolshevism and Nazism /</subfield>
            <subfield code="c">by Morris Gordin.</subfield>
          </datafield>
          <datafield tag="246" ind1="3" ind2=" ">
            <subfield code="a">Satan behind Bolshevism and Nazism</subfield>
          </datafield>
          <datafield tag="260" ind1=" " ind2=" ">
            <subfield code="a">Los Angeles :</subfield>
            <subfield code="b">American Prophetic League,</subfield>
            <subfield code="c">[©1939]</subfield>
          </datafield>
          <datafield tag="300" ind1=" " ind2=" ">
            <subfield code="a">22 pages ;</subfield>
            <subfield code="c">20 cm</subfield>
          </datafield>
          <datafield tag="336" ind1=" " ind2=" ">
            <subfield code="a">text</subfield>
            <subfield code="b">txt</subfield>
            <subfield code="2">rdacontent</subfield>
          </datafield>
          <datafield tag="337" ind1=" " ind2=" ">
            <subfield code="a">unmediated</subfield>
            <subfield code="b">n</subfield>
            <subfield code="2">rdamedia</subfield>
          </datafield>
          <datafield tag="338" ind1=" " ind2=" ">
            <subfield code="a">volume</subfield>
            <subfield code="b">nc</subfield>
            <subfield code="2">rdacarrier</subfield>
          </datafield>
          <datafield tag="650" ind1=" " ind2="0">
            <subfield code="a">Communism</subfield>
            <subfield code="z">Soviet Union.</subfield>
          </datafield>
          <datafield tag="650" ind1=" " ind2="0">
            <subfield code="a">National socialism.</subfield>
          </datafield>
          <datafield tag="650" ind1=" " ind2="7">
            <subfield code="a">Communism.</subfield>
            <subfield code="2">fast</subfield>
            <subfield code="0">(OCoLC)fst00870421</subfield>
          </datafield>
          <datafield tag="650" ind1=" " ind2="7">
            <subfield code="a">National socialism.</subfield>
            <subfield code="2">fast</subfield>
            <subfield code="0">(OCoLC)fst01033761</subfield>
          </datafield>
          <datafield tag="651" ind1=" " ind2="7">
            <subfield code="a">Soviet Union.</subfield>
            <subfield code="2">fast</subfield>
            <subfield code="0">(OCoLC)fst01210281</subfield>
          </datafield>
          <datafield tag="948" ind1=" " ind2=" ">
            <subfield code="h">HELD BY MVS - 4 OTHER HOLDINGS</subfield>
          </datafield>
          <datafield tag="949" ind1=" " ind2=" ">
            <subfield code="i">AUTHORITY</subfield>
          </datafield>
          <datafield tag="994" ind1=" " ind2=" ">
            <subfield code="a">Z0</subfield>
            <subfield code="b">MVS</subfield>
          </datafield>
          <datafield tag="900" ind1="0" ind2=" ">
            <subfield code="b">MILL</subfield>
            <subfield code="c">SC</subfield>
            <subfield code="h">DK265</subfield>
            <subfield code="i">.G52x 1939</subfield>
            <subfield code="8">2235947730003569</subfield>
          </datafield>
        </record>
      </metadata>
    </record>