
    <record>
      <header>
        <identifier>oai:alma.01SSHELCOMILLRSVL:997637724403569</identifier>
        <datestamp>2019-02-01T12:06:39Z</datestamp>
        <setSpec>EDS:Set01</setSpec>
      </header>
      <metadata>
        <record xmlns="http://www.loc.gov/MARC21/slim" xmlns:xsi="http://www.w3.org/2001/XMLSchema-instance" xsi:schemaLocation="http://www.loc.gov/MARC21/slim http://www.loc.gov/standards/marcxml/schema/MARC21slim.xsd" >
          <leader>02144cam a2200493Ii 4500</leader>
          <controlfield tag="005">20181205122445.0</controlfield>
          <controlfield tag="008">180302s2018    dcu          f000 0 eng  </controlfield>
          <controlfield tag="001">997637724403569</controlfield>
          <datafield tag="019" ind1=" " ind2=" ">
            <subfield code="a">1023597534</subfield>
          </datafield>
          <datafield tag="020" ind1=" " ind2=" ">
            <subfield code="a">9780160944833</subfield>
            <subfield code="q">(pbk.)</subfield>
          </datafield>
          <datafield tag="020" ind1=" " ind2=" ">
            <subfield code="a">016094483X</subfield>
            <subfield code="q">(pbk.)</subfield>
          </datafield>
          <datafield tag="035" ind1=" " ind2=" ">
            <subfield code="a">(OCoLC)1026494917</subfield>
            <subfield code="z">(OCoLC)1023597534</subfield>
          </datafield>
          <datafield tag="035" ind1=" " ind2=" ">
            <subfield code="a">(OCoLC)on1026494917</subfield>
          </datafield>
          <datafield tag="040" ind1=" " ind2=" ">
            <subfield code="a">IC9</subfield>
            <subfield code="b">eng</subfield>
            <subfield code="c">IC9</subfield>
            <subfield code="d">OCLCQ</subfield>
            <subfield code="d">YDX</subfield>
            <subfield code="d">BDX</subfield>
          </datafield>
          <datafield tag="043" ind1=" " ind2=" ">
            <subfield code="a">n-us---</subfield>
          </datafield>
          <datafield tag="050" ind1="1" ind2="4">
            <subfield code="a">HJ2051</subfield>
            <subfield code="b">.M345x 2019</subfield>
          </datafield>
          <datafield tag="074" ind1=" " ind2=" ">
            <subfield code="a">0853</subfield>
          </datafield>
          <datafield tag="086" ind1="0" ind2=" ">
            <subfield code="a">PREX 2.8/13:2019</subfield>
          </datafield>
          <datafield tag="245" ind1="0" ind2="0">
            <subfield code="a">Major savings and reforms :</subfield>
            <subfield code="b">budget of the U.S. government, fiscal year 2019 /</subfield>
            <subfield code="c">Office of Management and Budget.</subfield>
          </datafield>
          <datafield tag="246" ind1="3" ind2="0">
            <subfield code="a">Budget of the U.S. government, fiscal year 2019</subfield>
          </datafield>
          <datafield tag="246" ind1="3" ind2="0">
            <subfield code="a">American budget: major savings and reforms</subfield>
          </datafield>
          <datafield tag="260" ind1=" " ind2=" ">
            <subfield code="a">Washington, D.C. :</subfield>
            <subfield code="b">Executive Office of the President :</subfield>
            <subfield code="b">Office of Management and Budget,</subfield>
            <subfield code="c">2018.</subfield>
          </datafield>
          <datafield tag="300" ind1=" " ind2=" ">
            <subfield code="a">189 pages ;</subfield>
            <subfield code="c">28 cm</subfield>
          </datafield>
          <datafield tag="336" ind1=" " ind2=" ">
            <subfield code="a">text</subfield>
            <subfield code="b">txt</subfield>
            <subfield code="2">rdacontent</subfield>
          </datafield>
          <datafield tag="337" ind1=" " ind2=" ">
            <subfield code="a">unmediated</subfield>
            <subfield code="b">n</subfield>
            <subfield code="2">rdamedia</subfield>
          </datafield>
          <datafield tag="338" ind1=" " ind2=" ">
            <subfield code="a">volume</subfield>
            <subfield code="b">nc</subfield>
            <subfield code="2">rdacarrier</subfield>
          </datafield>
          <datafield tag="520" ind1=" " ind2=" ">
            <subfield code="a">This supplementary document describes major savings and reform proposals included in the 2019 Presiden'ts Budget. It includes both discretionary and mandatory savings proposals.</subfield>
          </datafield>
          <datafield tag="650" ind1=" " ind2="0">
            <subfield code="a">Budget</subfield>
            <subfield code="z">United States.</subfield>
          </datafield>
          <datafield tag="650" ind1=" " ind2="0">
            <subfield code="a">Finance, Public</subfield>
            <subfield code="z">United States.</subfield>
          </datafield>
          <datafield tag="650" ind1=" " ind2="0">
            <subfield code="a">Government spending policy</subfield>
            <subfield code="z">United States.</subfield>
          </datafield>
          <datafield tag="651" ind1=" " ind2="0">
            <subfield code="a">United States</subfield>
            <subfield code="x">Appropriations and expenditures.</subfield>
          </datafield>
          <datafield tag="650" ind1=" " ind2="0">
            <subfield code="a">Tax and expenditure limitations</subfield>
            <subfield code="z">United States.</subfield>
          </datafield>
          <datafield tag="650" ind1=" " ind2="7">
            <subfield code="a">Budget.</subfield>
            <subfield code="2">fast</subfield>
            <subfield code="0">(OCoLC)fst00840336</subfield>
          </datafield>
          <datafield tag="650" ind1=" " ind2="7">
            <subfield code="a">Expenditures, Public.</subfield>
            <subfield code="2">fast</subfield>
            <subfield code="0">(OCoLC)fst00918345</subfield>
          </datafield>
          <datafield tag="650" ind1=" " ind2="7">
            <subfield code="a">Finance, Public.</subfield>
            <subfield code="2">fast</subfield>
            <subfield code="0">(OCoLC)fst00924477</subfield>
          </datafield>
          <datafield tag="650" ind1=" " ind2="7">
            <subfield code="a">Government spending policy.</subfield>
            <subfield code="2">fast</subfield>
            <subfield code="0">(OCoLC)fst00945615</subfield>
          </datafield>
          <datafield tag="650" ind1=" " ind2="7">
            <subfield code="a">Tax and expenditure limitations.</subfield>
            <subfield code="2">fast</subfield>
            <subfield code="0">(OCoLC)fst01143668</subfield>
          </datafield>
          <datafield tag="651" ind1=" " ind2="7">
            <subfield code="a">United States.</subfield>
            <subfield code="2">fast</subfield>
            <subfield code="0">(OCoLC)fst01204155</subfield>
          </datafield>
          <datafield tag="710" ind1="1" ind2=" ">
            <subfield code="a">United States.</subfield>
            <subfield code="b">Office of Management and Budget.</subfield>
          </datafield>
          <datafield tag="710" ind1="1" ind2=" ">
            <subfield code="a">United States.</subfield>
            <subfield code="b">Executive Office of the President.</subfield>
          </datafield>
          <datafield tag="938" ind1=" " ind2=" ">
            <subfield code="a">Brodart</subfield>
            <subfield code="b">BROD</subfield>
            <subfield code="n">121699404</subfield>
          </datafield>
          <datafield tag="938" ind1=" " ind2=" ">
            <subfield code="a">YBP Library Services</subfield>
            <subfield code="b">YANK</subfield>
            <subfield code="n">15160679</subfield>
          </datafield>
          <datafield tag="948" ind1=" " ind2=" ">
            <subfield code="h">HELD BY MVS - 40 OTHER HOLDINGS</subfield>
          </datafield>
          <datafield tag="994" ind1=" " ind2=" ">
            <subfield code="a">Z0</subfield>
            <subfield code="b">MVS</subfield>
          </datafield>
          <datafield tag="900" ind1="0" ind2=" ">
            <subfield code="b">MILL</subfield>
            <subfield code="c">B</subfield>
            <subfield code="h">HJ2051</subfield>
            <subfield code="i">.M345x 2019</subfield>
            <subfield code="8">2236819410003569</subfield>
          </datafield>
        </record>
      </metadata>
    </record>