
    <record>
      <header>
        <identifier>oai:alma.01SSHELCOMILLRSVL:997630422203569</identifier>
        <datestamp>2019-02-01T12:06:39Z</datestamp>
        <setSpec>EDS:Set01</setSpec>
      </header>
      <metadata>
        <record xmlns="http://www.loc.gov/MARC21/slim" xmlns:xsi="http://www.w3.org/2001/XMLSchema-instance" xsi:schemaLocation="http://www.loc.gov/MARC21/slim http://www.loc.gov/standards/marcxml/schema/MARC21slim.xsd" >
          <leader>01011ntm a2200217Ii 4500</leader>
          <controlfield tag="008">180913s2017    xxu      b    000 0 eng d</controlfield>
          <controlfield tag="005">20180913101557.0</controlfield>
          <controlfield tag="001">997630422203569</controlfield>
          <datafield tag="040" ind1=" " ind2=" ">
            <subfield code="a">MVS</subfield>
            <subfield code="c">MVS</subfield>
            <subfield code="e">rda</subfield>
          </datafield>
          <datafield tag="099" ind1=" " ind2=" ">
            <subfield code="a">Honors</subfield>
            <subfield code="a">2018</subfield>
            <subfield code="a">H46</subfield>
          </datafield>
          <datafield tag="100" ind1="1" ind2=" ">
            <subfield code="a">Hentnick, Rachel,</subfield>
            <subfield code="e">author</subfield>
          </datafield>
          <datafield tag="245" ind1="1" ind2="0">
            <subfield code="a">Personal attitudes and perceptions of driving under the influence of alcohol, driving under the influence of marijuana and driving under the influence of both marijuana and alcohol in relation to sensation-seeking /</subfield>
            <subfield code="c">Rachel Hentnick.</subfield>
          </datafield>
          <datafield tag="264" ind1=" " ind2="0">
            <subfield code="a">[Millersville, Pennsylvania] :</subfield>
            <subfield code="b">Millersville University,</subfield>
            <subfield code="c">2017.</subfield>
          </datafield>
          <datafield tag="300" ind1=" " ind2=" ">
            <subfield code="a">49 leaves ;</subfield>
            <subfield code="c">28 cm</subfield>
          </datafield>
          <datafield tag="336" ind1=" " ind2=" ">
            <subfield code="a">text</subfield>
            <subfield code="2">rdacontent</subfield>
          </datafield>
          <datafield tag="337" ind1=" " ind2=" ">
            <subfield code="a">unmediated</subfield>
            <subfield code="2">rdamedia</subfield>
          </datafield>
          <datafield tag="338" ind1=" " ind2=" ">
            <subfield code="a">volume</subfield>
            <subfield code="2">rdacarrier</subfield>
          </datafield>
          <datafield tag="500" ind1=" " ind2=" ">
            <subfield code="a">Typescript bound.</subfield>
          </datafield>
          <datafield tag="502" ind1=" " ind2=" ">
            <subfield code="g">Honors paper (University Honors--Psychology)</subfield>
            <subfield code="b">BA</subfield>
            <subfield code="c">Millersville University of Pennsylvania</subfield>
            <subfield code="d">2018.</subfield>
          </datafield>
          <datafield tag="504" ind1=" " ind2=" ">
            <subfield code="a">Includes bibliographical references (leaves 27-30)</subfield>
          </datafield>
          <datafield tag="710" ind1="2" ind2=" ">
            <subfield code="a">Millersville University of Pennsylvania.</subfield>
            <subfield code="b">University Honors Program.</subfield>
          </datafield>
          <datafield tag="900" ind1="8" ind2=" ">
            <subfield code="b">MILL</subfield>
            <subfield code="c">SCH</subfield>
            <subfield code="h">2018 H46</subfield>
            <subfield code="8">2235948740003569</subfield>
          </datafield>
        </record>
      </metadata>
    </record>