
    <record>
      <header>
        <identifier>oai:alma.01SSHELCOMILLRSVL:997640122303569</identifier>
        <datestamp>2019-02-01T12:06:39Z</datestamp>
        <setSpec>EDS:Set01</setSpec>
      </header>
      <metadata>
        <record xmlns="http://www.loc.gov/MARC21/slim" xmlns:xsi="http://www.w3.org/2001/XMLSchema-instance" xsi:schemaLocation="http://www.loc.gov/MARC21/slim http://www.loc.gov/standards/marcxml/schema/MARC21slim.xsd" >
          <leader>01013ntm a2200241Ii 4500</leader>
          <controlfield tag="008">181206s2017    xxu      b    000 0 eng d</controlfield>
          <controlfield tag="005">20181206110519.0</controlfield>
          <controlfield tag="001">997640122303569</controlfield>
          <datafield tag="040" ind1=" " ind2=" ">
            <subfield code="a">MVS</subfield>
            <subfield code="c">MVS</subfield>
            <subfield code="e">rda</subfield>
          </datafield>
          <datafield tag="049" ind1=" " ind2=" ">
            <subfield code="a">MVSS</subfield>
          </datafield>
          <datafield tag="099" ind1=" " ind2=" ">
            <subfield code="a">2017</subfield>
            <subfield code="a">R67</subfield>
          </datafield>
          <datafield tag="100" ind1="1" ind2=" ">
            <subfield code="a">Roschel, Lindsay M.,</subfield>
            <subfield code="e">author</subfield>
          </datafield>
          <datafield tag="245" ind1="1" ind2="2">
            <subfield code="a">A revolution at home :</subfield>
            <subfield code="b">elite women in Lancaster, Pennsylvania during the war for American independence /</subfield>
            <subfield code="c">by Lindsay M. Roschel.</subfield>
          </datafield>
          <datafield tag="264" ind1=" " ind2="0">
            <subfield code="a">[Millersville, Pennsylvania] :</subfield>
            <subfield code="b">Millersville University,</subfield>
            <subfield code="c">2017.</subfield>
          </datafield>
          <datafield tag="300" ind1=" " ind2=" ">
            <subfield code="a">35 leaves :</subfield>
            <subfield code="b">illustrations ;</subfield>
            <subfield code="c">28 cm.</subfield>
          </datafield>
          <datafield tag="336" ind1=" " ind2=" ">
            <subfield code="a">text</subfield>
            <subfield code="2">rdacontent</subfield>
          </datafield>
          <datafield tag="337" ind1=" " ind2=" ">
            <subfield code="a">unmediated</subfield>
            <subfield code="2">rdamedia</subfield>
          </datafield>
          <datafield tag="338" ind1=" " ind2=" ">
            <subfield code="a">volume</subfield>
            <subfield code="2">rdacarrier</subfield>
          </datafield>
          <datafield tag="500" ind1=" " ind2=" ">
            <subfield code="a">Typescript bound.</subfield>
          </datafield>
          <datafield tag="502" ind1=" " ind2=" ">
            <subfield code="b">Master of Arts</subfield>
            <subfield code="c">Millersville University of Pennsylvania</subfield>
            <subfield code="d">[2017].</subfield>
          </datafield>
          <datafield tag="504" ind1=" " ind2=" ">
            <subfield code="a">Includes bibliographical references (leaves 33-35).</subfield>
          </datafield>
          <datafield tag="710" ind1="2" ind2=" ">
            <subfield code="a">Millersville University of Pennsylvania</subfield>
            <subfield code="e">degree granting institution</subfield>
          </datafield>
          <datafield tag="710" ind1="2" ind2=" ">
            <subfield code="a">Millersville University of Pennsylvania.</subfield>
            <subfield code="b">Graduate Studies.</subfield>
            <subfield code="b">Masters theses.</subfield>
            <subfield code="b">History.</subfield>
          </datafield>
          <datafield tag="900" ind1="8" ind2=" ">
            <subfield code="b">MILL</subfield>
            <subfield code="c">SCT</subfield>
            <subfield code="h">2017 R67</subfield>
            <subfield code="8">2237138850003569</subfield>
          </datafield>
        </record>
      </metadata>
    </record>