
    <record>
      <header>
        <identifier>oai:alma.01SSHELCOMILLRSVL:997626725103569</identifier>
        <datestamp>2019-02-01T12:06:39Z</datestamp>
        <setSpec>EDS:Set01</setSpec>
      </header>
      <metadata>
        <record xmlns="http://www.loc.gov/MARC21/slim" xmlns:xsi="http://www.w3.org/2001/XMLSchema-instance" xsi:schemaLocation="http://www.loc.gov/MARC21/slim http://www.loc.gov/standards/marcxml/schema/MARC21slim.xsd" >
          <leader>02334cam  2200589 a 4500</leader>
          <controlfield tag="005">20180906141211.0</controlfield>
          <controlfield tag="008">050928s2006    nyu    j      000 1 eng  </controlfield>
          <controlfield tag="001">997626725103569</controlfield>
          <datafield tag="010" ind1=" " ind2=" ">
            <subfield code="a">  2005040165</subfield>
          </datafield>
          <datafield tag="019" ind1=" " ind2=" ">
            <subfield code="a">671645028</subfield>
            <subfield code="a">1003783600</subfield>
          </datafield>
          <datafield tag="020" ind1=" " ind2=" ">
            <subfield code="a">0374301840 (hbk.)</subfield>
          </datafield>
          <datafield tag="020" ind1=" " ind2=" ">
            <subfield code="a">9780374301842 (hbk.)</subfield>
          </datafield>
          <datafield tag="020" ind1=" " ind2=" ">
            <subfield code="a">9780312384289</subfield>
          </datafield>
          <datafield tag="020" ind1=" " ind2=" ">
            <subfield code="a">0312384289</subfield>
          </datafield>
          <datafield tag="024" ind1="3" ind2=" ">
            <subfield code="a">9780374301842</subfield>
          </datafield>
          <datafield tag="035" ind1=" " ind2=" ">
            <subfield code="a">(OCoLC)62172841</subfield>
            <subfield code="z">(OCoLC)671645028</subfield>
            <subfield code="z">(OCoLC)1003783600</subfield>
          </datafield>
          <datafield tag="035" ind1=" " ind2=" ">
            <subfield code="a">(OCoLC)ocm62172841 </subfield>
          </datafield>
          <datafield tag="040" ind1=" " ind2=" ">
            <subfield code="a">DLC</subfield>
            <subfield code="b">eng</subfield>
            <subfield code="c">DLC</subfield>
            <subfield code="d">IG#</subfield>
            <subfield code="d">BAKER</subfield>
            <subfield code="d">XY4</subfield>
            <subfield code="d">BTCTA</subfield>
            <subfield code="d">YDXCP</subfield>
            <subfield code="d">EHH</subfield>
            <subfield code="d">STF</subfield>
            <subfield code="d">GACCL</subfield>
            <subfield code="d">SMP</subfield>
            <subfield code="d">CQU</subfield>
            <subfield code="d">EYP</subfield>
            <subfield code="d">BDX</subfield>
            <subfield code="d">OCLCA</subfield>
            <subfield code="d">OCLCF</subfield>
            <subfield code="d">OCLCO</subfield>
            <subfield code="d">OCLCQ</subfield>
            <subfield code="d">OCLCO</subfield>
            <subfield code="d">GKX</subfield>
            <subfield code="d">GOC</subfield>
            <subfield code="d">TY7</subfield>
            <subfield code="d">GRC</subfield>
            <subfield code="d">VBO</subfield>
            <subfield code="d">GILDS</subfield>
            <subfield code="d">OCLCO</subfield>
            <subfield code="d">MVS</subfield>
          </datafield>
          <datafield tag="042" ind1=" " ind2=" ">
            <subfield code="a">lcac</subfield>
          </datafield>
          <datafield tag="043" ind1=" " ind2=" ">
            <subfield code="a">n-us-al</subfield>
          </datafield>
          <datafield tag="049" ind1=" " ind2=" ">
            <subfield code="a">MVSS</subfield>
          </datafield>
          <datafield tag="050" ind1="0" ind2="0">
            <subfield code="a">PZ7.K516</subfield>
            <subfield code="b">Ala 2006</subfield>
          </datafield>
          <datafield tag="082" ind1="0" ind2="4">
            <subfield code="a">[Fic]</subfield>
            <subfield code="2">22</subfield>
          </datafield>
          <datafield tag="096" ind1=" " ind2=" ">
            <subfield code="a">J F KEY</subfield>
          </datafield>
          <datafield tag="100" ind1="1" ind2=" ">
            <subfield code="a">Key, Watt.</subfield>
          </datafield>
          <datafield tag="245" ind1="1" ind2="0">
            <subfield code="a">Alabama moon /</subfield>
            <subfield code="c">Watt Key.</subfield>
          </datafield>
          <datafield tag="250" ind1=" " ind2=" ">
            <subfield code="a">1st ed.</subfield>
          </datafield>
          <datafield tag="260" ind1=" " ind2=" ">
            <subfield code="a">New York :</subfield>
            <subfield code="b">Farrar Straus Giroux,</subfield>
            <subfield code="c">2006.</subfield>
          </datafield>
          <datafield tag="300" ind1=" " ind2=" ">
            <subfield code="a">294 pages ;</subfield>
            <subfield code="c">22 cm</subfield>
          </datafield>
          <datafield tag="336" ind1=" " ind2=" ">
            <subfield code="a">text</subfield>
            <subfield code="b">txt</subfield>
            <subfield code="2">rdacontent</subfield>
          </datafield>
          <datafield tag="337" ind1=" " ind2=" ">
            <subfield code="a">unmediated</subfield>
            <subfield code="b">n</subfield>
            <subfield code="2">rdamedia</subfield>
          </datafield>
          <datafield tag="338" ind1=" " ind2=" ">
            <subfield code="a">volume</subfield>
            <subfield code="b">nc</subfield>
            <subfield code="2">rdacarrier</subfield>
          </datafield>
          <datafield tag="520" ind1=" " ind2=" ">
            <subfield code="a">After the death of his father, ten-year-old Moon leaves their forest shelter home and is sent to an Alabama institution, becoming entangled in the outside world he has never known and making good friends, a relentless enemy, and finally a new life.</subfield>
          </datafield>
          <datafield tag="650" ind1=" " ind2="0">
            <subfield code="a">Orphans</subfield>
            <subfield code="v">Juvenile fiction.</subfield>
          </datafield>
          <datafield tag="650" ind1=" " ind2="0">
            <subfield code="a">Wilderness survival</subfield>
            <subfield code="v">Juvenile fiction.</subfield>
          </datafield>
          <datafield tag="650" ind1=" " ind2="0">
            <subfield code="a">Bullying</subfield>
            <subfield code="v">Juvenile fiction.</subfield>
          </datafield>
          <datafield tag="650" ind1=" " ind2="0">
            <subfield code="a">Government, Resistance to</subfield>
            <subfield code="v">Juvenile fiction.</subfield>
          </datafield>
          <datafield tag="651" ind1=" " ind2="0">
            <subfield code="a">Alabama</subfield>
            <subfield code="v">Juvenile fiction.</subfield>
          </datafield>
          <datafield tag="650" ind1=" " ind2="7">
            <subfield code="a">Bullying.</subfield>
            <subfield code="2">fast</subfield>
            <subfield code="0">(OCoLC)fst00841557</subfield>
          </datafield>
          <datafield tag="650" ind1=" " ind2="7">
            <subfield code="a">Government, Resistance to.</subfield>
            <subfield code="2">fast</subfield>
            <subfield code="0">(OCoLC)fst00945663</subfield>
          </datafield>
          <datafield tag="650" ind1=" " ind2="7">
            <subfield code="a">Orphans.</subfield>
            <subfield code="2">fast</subfield>
            <subfield code="0">(OCoLC)fst01048433</subfield>
          </datafield>
          <datafield tag="650" ind1=" " ind2="7">
            <subfield code="a">Wilderness survival.</subfield>
            <subfield code="2">fast</subfield>
            <subfield code="0">(OCoLC)fst01175202</subfield>
          </datafield>
          <datafield tag="651" ind1=" " ind2="7">
            <subfield code="a">Alabama.</subfield>
            <subfield code="2">fast</subfield>
            <subfield code="0">(OCoLC)fst01204694</subfield>
          </datafield>
          <datafield tag="655" ind1=" " ind2="7">
            <subfield code="a">Fiction.</subfield>
            <subfield code="2">fast</subfield>
            <subfield code="0">(OCoLC)fst01423787</subfield>
          </datafield>
          <datafield tag="655" ind1=" " ind2="7">
            <subfield code="a">Juvenile works.</subfield>
            <subfield code="2">fast</subfield>
            <subfield code="0">(OCoLC)fst01411637</subfield>
          </datafield>
          <datafield tag="938" ind1=" " ind2=" ">
            <subfield code="a">Baker &amp; Taylor</subfield>
            <subfield code="b">BKTY</subfield>
            <subfield code="c">16.00</subfield>
            <subfield code="d">12.00</subfield>
            <subfield code="i">0374301840</subfield>
            <subfield code="n">0006629838</subfield>
            <subfield code="s">active</subfield>
          </datafield>
          <datafield tag="938" ind1=" " ind2=" ">
            <subfield code="a">Brodart</subfield>
            <subfield code="b">BROD</subfield>
            <subfield code="n">05260922</subfield>
            <subfield code="c">$16.00</subfield>
          </datafield>
          <datafield tag="938" ind1=" " ind2=" ">
            <subfield code="a">Baker and Taylor</subfield>
            <subfield code="b">BTCP</subfield>
            <subfield code="n">2005040165</subfield>
          </datafield>
          <datafield tag="938" ind1=" " ind2=" ">
            <subfield code="a">Ingram</subfield>
            <subfield code="b">INGR</subfield>
            <subfield code="n">9780374301842</subfield>
          </datafield>
          <datafield tag="938" ind1=" " ind2=" ">
            <subfield code="a">YBP Library Services</subfield>
            <subfield code="b">YANK</subfield>
            <subfield code="n">2495915</subfield>
          </datafield>
          <datafield tag="949" ind1=" " ind2=" ">
            <subfield code="3">3151009175797</subfield>
          </datafield>
          <datafield tag="994" ind1=" " ind2=" ">
            <subfield code="a">C0</subfield>
            <subfield code="b">MVS</subfield>
          </datafield>
          <datafield tag="900" ind1="0" ind2=" ">
            <subfield code="b">MILL</subfield>
            <subfield code="c">J</subfield>
            <subfield code="h">PZ7.K516</subfield>
            <subfield code="i">Ala 2006</subfield>
            <subfield code="8">2235606470003569</subfield>
          </datafield>
        </record>
      </metadata>
    </record>