
    <record>
      <header>
        <identifier>oai:alma.01SSHELCOMILLRSVL:997629624503569</identifier>
        <datestamp>2019-02-01T12:06:39Z</datestamp>
        <setSpec>EDS:Set01</setSpec>
      </header>
      <metadata>
        <record xmlns="http://www.loc.gov/MARC21/slim" xmlns:xsi="http://www.w3.org/2001/XMLSchema-instance" xsi:schemaLocation="http://www.loc.gov/MARC21/slim http://www.loc.gov/standards/marcxml/schema/MARC21slim.xsd" >
          <leader>00347nam  22001213u 4500</leader>
          <controlfield tag="008">180821s2013####xx######r#####000#0#eng#d</controlfield>
          <controlfield tag="005">20180821111628.0</controlfield>
          <controlfield tag="001">997629624503569</controlfield>
          <datafield tag="050" ind1=" " ind2="4">
            <subfield code="a">PERSONAL ITEM FRANKUM</subfield>
          </datafield>
          <datafield tag="100" ind1="1" ind2=" ">
            <subfield code="a">Holger H. Herwig</subfield>
          </datafield>
          <datafield tag="245" ind1="1" ind2="0">
            <subfield code="a">The First World War: Germany and Austria-Hungary 1914-1918</subfield>
          </datafield>
          <datafield tag="250" ind1=" " ind2=" ">
            <subfield code="a">Second</subfield>
          </datafield>
          <datafield tag="260" ind1=" " ind2=" ">
            <subfield code="b">Bloomsbury Academic</subfield>
            <subfield code="c">2014</subfield>
          </datafield>
          <datafield tag="900" ind1="0" ind2=" ">
            <subfield code="b">MILL</subfield>
            <subfield code="c">RESS</subfield>
            <subfield code="h">PERSONAL ITEM FRANKUM</subfield>
            <subfield code="8">2235859480003569</subfield>
          </datafield>
        </record>
      </metadata>
    </record>