
    <record>
      <header>
        <identifier>oai:alma.01SSHELCOMILLRSVL:997630724103569</identifier>
        <datestamp>2019-02-01T12:06:39Z</datestamp>
        <setSpec>EDS:Set01</setSpec>
      </header>
      <metadata>
        <record xmlns="http://www.loc.gov/MARC21/slim" xmlns:xsi="http://www.w3.org/2001/XMLSchema-instance" xsi:schemaLocation="http://www.loc.gov/MARC21/slim http://www.loc.gov/standards/marcxml/schema/MARC21slim.xsd" >
          <leader>00212nam  22000853u 4500</leader>
          <controlfield tag="008">180904s2013####xx######r#####000#0#eng#d</controlfield>
          <controlfield tag="005">20180904213859.0</controlfield>
          <controlfield tag="001">997630724103569</controlfield>
          <datafield tag="050" ind1=" " ind2="4">
            <subfield code="a">PERSONAL ITEM ARNOLD</subfield>
          </datafield>
          <datafield tag="245" ind1="1" ind2="0">
            <subfield code="a">SEEING THE BIG PICTURE</subfield>
          </datafield>
          <datafield tag="900" ind1="0" ind2=" ">
            <subfield code="b">MILL</subfield>
            <subfield code="c">RESS</subfield>
            <subfield code="h">PERSONAL ITEM ARNOLD</subfield>
            <subfield code="8">2235979340003569</subfield>
          </datafield>
        </record>
      </metadata>
    </record>