
    <record>
      <header>
        <identifier>oai:alma.01SSHELCOMILLRSVL:997630816403569</identifier>
        <datestamp>2019-02-01T12:06:40Z</datestamp>
        <setSpec>EDS:Set01</setSpec>
      </header>
      <metadata>
        <record xmlns="http://www.loc.gov/MARC21/slim" xmlns:xsi="http://www.w3.org/2001/XMLSchema-instance" xsi:schemaLocation="http://www.loc.gov/MARC21/slim http://www.loc.gov/standards/marcxml/schema/MARC21slim.xsd" >
          <leader>02731cam a2200565 i 4500</leader>
          <controlfield tag="005">20180919111740.0</controlfield>
          <controlfield tag="008">731004s1972    ie            000 p eng  </controlfield>
          <controlfield tag="001">997630816403569</controlfield>
          <datafield tag="010" ind1=" " ind2=" ">
            <subfield code="a">   73169337 </subfield>
          </datafield>
          <datafield tag="015" ind1=" " ind2=" ">
            <subfield code="a">GB7229462</subfield>
            <subfield code="2">bnb</subfield>
          </datafield>
          <datafield tag="016" ind1="7" ind2=" ">
            <subfield code="a">001971973</subfield>
            <subfield code="2">Uk</subfield>
          </datafield>
          <datafield tag="019" ind1=" " ind2=" ">
            <subfield code="a">679193</subfield>
            <subfield code="a">742349</subfield>
            <subfield code="a">909915</subfield>
            <subfield code="a">16236505</subfield>
            <subfield code="a">561596374</subfield>
            <subfield code="a">703434161</subfield>
            <subfield code="a">977473857</subfield>
            <subfield code="a">1044027753</subfield>
          </datafield>
          <datafield tag="020" ind1=" " ind2=" ">
            <subfield code="a">0394487826</subfield>
          </datafield>
          <datafield tag="020" ind1=" " ind2=" ">
            <subfield code="a">9780394487823</subfield>
          </datafield>
          <datafield tag="020" ind1=" " ind2=" ">
            <subfield code="a">0394709853</subfield>
            <subfield code="q">(pbk.)</subfield>
          </datafield>
          <datafield tag="020" ind1=" " ind2=" ">
            <subfield code="a">9780394709857</subfield>
            <subfield code="q">(pbk.)</subfield>
          </datafield>
          <datafield tag="020" ind1=" " ind2=" ">
            <subfield code="a">0903002035</subfield>
          </datafield>
          <datafield tag="020" ind1=" " ind2=" ">
            <subfield code="a">9780903002035</subfield>
          </datafield>
          <datafield tag="035" ind1=" " ind2=" ">
            <subfield code="a">(OCoLC)2722514</subfield>
            <subfield code="z">(OCoLC)679193</subfield>
            <subfield code="z">(OCoLC)742349</subfield>
            <subfield code="z">(OCoLC)909915</subfield>
            <subfield code="z">(OCoLC)16236505</subfield>
            <subfield code="z">(OCoLC)561596374</subfield>
            <subfield code="z">(OCoLC)703434161</subfield>
            <subfield code="z">(OCoLC)977473857</subfield>
            <subfield code="z">(OCoLC)1044027753</subfield>
          </datafield>
          <datafield tag="035" ind1=" " ind2=" ">
            <subfield code="a">(OCoLC)ocm02722514 </subfield>
          </datafield>
          <datafield tag="040" ind1=" " ind2=" ">
            <subfield code="a">DLC</subfield>
            <subfield code="b">eng</subfield>
            <subfield code="e">rda</subfield>
            <subfield code="c">DLC</subfield>
            <subfield code="d">PIT</subfield>
            <subfield code="d">TEU</subfield>
            <subfield code="d">BTCTA</subfield>
            <subfield code="d">UKM</subfield>
            <subfield code="d">UKMGB</subfield>
            <subfield code="d">OCLCO</subfield>
            <subfield code="d">WAU</subfield>
            <subfield code="d">OCLCF</subfield>
            <subfield code="d">OCLCQ</subfield>
            <subfield code="d">OCLCO</subfield>
            <subfield code="d">OCLCQ</subfield>
            <subfield code="d">RBN</subfield>
            <subfield code="d">OCLCO</subfield>
            <subfield code="d">OCLCA</subfield>
            <subfield code="d">CNUTO</subfield>
            <subfield code="d">OCLCA</subfield>
            <subfield code="d">OCLCQ</subfield>
          </datafield>
          <datafield tag="043" ind1=" " ind2=" ">
            <subfield code="a">e-ie---</subfield>
          </datafield>
          <datafield tag="050" ind1="0" ind2="0">
            <subfield code="a">PR6021.I35</subfield>
            <subfield code="b">N67</subfield>
          </datafield>
          <datafield tag="082" ind1="0" ind2="0">
            <subfield code="a">821/.9/14</subfield>
          </datafield>
          <datafield tag="090" ind1=" " ind2=" ">
            <subfield code="a">Z1033.A84</subfield>
            <subfield code="b">K45 K5664x 1972</subfield>
          </datafield>
          <datafield tag="100" ind1="1" ind2=" ">
            <subfield code="a">Kinsella, Thomas,</subfield>
            <subfield code="e">author.</subfield>
          </datafield>
          <datafield tag="245" ind1="1" ind2="0">
            <subfield code="a">Notes from the land of the dead :</subfield>
            <subfield code="b">poems /</subfield>
            <subfield code="c">by Thomas Kinsella.</subfield>
          </datafield>
          <datafield tag="264" ind1=" " ind2="1">
            <subfield code="a">Dublin, Ireland :</subfield>
            <subfield code="b">Cuala Press,</subfield>
            <subfield code="c">MCMLXXII [1972]</subfield>
          </datafield>
          <datafield tag="300" ind1=" " ind2=" ">
            <subfield code="a">4 unnumbered pages, 69 pages, 3 unnumbered pages ;</subfield>
            <subfield code="c">22 cm</subfield>
          </datafield>
          <datafield tag="336" ind1=" " ind2=" ">
            <subfield code="a">text</subfield>
            <subfield code="b">txt</subfield>
            <subfield code="2">rdacontent</subfield>
          </datafield>
          <datafield tag="337" ind1=" " ind2=" ">
            <subfield code="a">unmediated</subfield>
            <subfield code="b">n</subfield>
            <subfield code="2">rdamedia</subfield>
          </datafield>
          <datafield tag="338" ind1=" " ind2=" ">
            <subfield code="a">volume</subfield>
            <subfield code="b">nc</subfield>
            <subfield code="2">rdacarrier</subfield>
          </datafield>
          <datafield tag="500" ind1=" " ind2=" ">
            <subfield code="a">"The text is set in Caslon type, printed on paper made in Ireland and published at the Cuala Press, 116 Lower Baggot Street, Dublin 2, Ireland. Alasdair Carwood was the pressman. Five hundred copies are printed and the book completed on 14th March 1972. This is number 190"--Colophon, numbered in ink.</subfield>
          </datafield>
          <datafield tag="500" ind1=" " ind2=" ">
            <subfield code="a">Epigraph on preliminary page [4], section titles and colophon printed in red.</subfield>
          </datafield>
          <datafield tag="500" ind1=" " ind2=" ">
            <subfield code="a">Bound in quarter tan linen and grey boards, with printed paper spine label.</subfield>
          </datafield>
          <datafield tag="541" ind1=" " ind2=" ">
            <subfield code="a">The Bruce Kellner Under-Read and Under-Rated Author Collection;</subfield>
            <subfield code="c">gift,</subfield>
            <subfield code="d">2010.</subfield>
          </datafield>
          <datafield tag="561" ind1=" " ind2=" ">
            <subfield code="a">Bruce Kellner bookplate on inside front cover.</subfield>
          </datafield>
          <datafield tag="561" ind1=" " ind2=" ">
            <subfield code="a">Written on title page: "For Bruce Kellner with all good wishes. Thomas Kinsella."</subfield>
          </datafield>
          <datafield tag="583" ind1=" " ind2=" ">
            <subfield code="a">commitment to retain</subfield>
            <subfield code="c">20151204</subfield>
            <subfield code="2">pda</subfield>
            <subfield code="5">OTUTLD</subfield>
          </datafield>
          <datafield tag="650" ind1=" " ind2="0">
            <subfield code="a">Autographed editions.</subfield>
          </datafield>
          <datafield tag="650" ind1=" " ind2="0">
            <subfield code="a">Book jackets</subfield>
            <subfield code="v">Specimens.</subfield>
          </datafield>
          <datafield tag="651" ind1=" " ind2="0">
            <subfield code="a">Ireland</subfield>
            <subfield code="v">Poetry.</subfield>
          </datafield>
          <datafield tag="651" ind1=" " ind2="7">
            <subfield code="a">Ireland.</subfield>
            <subfield code="2">fast</subfield>
            <subfield code="0">(OCoLC)fst01205427</subfield>
          </datafield>
          <datafield tag="655" ind1=" " ind2="7">
            <subfield code="a">Poetry.</subfield>
            <subfield code="2">fast</subfield>
            <subfield code="0">(OCoLC)fst01423828</subfield>
          </datafield>
          <datafield tag="710" ind1="2" ind2=" ">
            <subfield code="a">Cuala Press,</subfield>
            <subfield code="e">printer,</subfield>
            <subfield code="e">publisher.</subfield>
          </datafield>
          <datafield tag="752" ind1=" " ind2=" ">
            <subfield code="a">Ireland</subfield>
            <subfield code="d">Dublin.</subfield>
          </datafield>
          <datafield tag="776" ind1="0" ind2="8">
            <subfield code="i">Online version:</subfield>
            <subfield code="a">Kinsella, Thomas.</subfield>
            <subfield code="t">Notes from the land of the dead.</subfield>
            <subfield code="d">Dublin, Cuala Press, 1972</subfield>
            <subfield code="w">(OCoLC)654207300</subfield>
          </datafield>
          <datafield tag="938" ind1=" " ind2=" ">
            <subfield code="a">Baker and Taylor</subfield>
            <subfield code="b">BTCP</subfield>
            <subfield code="n">73169337 //r94</subfield>
          </datafield>
          <datafield tag="948" ind1=" " ind2=" ">
            <subfield code="h">HELD BY MVS - 138 OTHER HOLDINGS</subfield>
          </datafield>
          <datafield tag="994" ind1=" " ind2=" ">
            <subfield code="a">Z0</subfield>
            <subfield code="b">MVS</subfield>
          </datafield>
          <datafield tag="900" ind1="0" ind2=" ">
            <subfield code="b">MILL</subfield>
            <subfield code="c">SCRB</subfield>
            <subfield code="h">Z1033.A84</subfield>
            <subfield code="i">K45 K5664x 1972</subfield>
            <subfield code="8">2235986460003569</subfield>
          </datafield>
        </record>
      </metadata>
    </record>