
    <record>
      <header>
        <identifier>oai:alma.01SSHELCOMILLRSVL:997644521503569</identifier>
        <datestamp>2019-02-01T12:06:40Z</datestamp>
        <setSpec>EDS:Set01</setSpec>
      </header>
      <metadata>
        <record xmlns="http://www.loc.gov/MARC21/slim" xmlns:xsi="http://www.w3.org/2001/XMLSchema-instance" xsi:schemaLocation="http://www.loc.gov/MARC21/slim http://www.loc.gov/standards/marcxml/schema/MARC21slim.xsd" >
          <leader>03491cam a22007337i 4500</leader>
          <controlfield tag="005">20190128104128.0</controlfield>
          <controlfield tag="008">140124s2013    nyua   j      000 1 eng d</controlfield>
          <controlfield tag="001">997644521503569</controlfield>
          <datafield tag="010" ind1=" " ind2=" ">
            <subfield code="a">  2013404186</subfield>
          </datafield>
          <datafield tag="019" ind1=" " ind2=" ">
            <subfield code="a">875991575</subfield>
            <subfield code="a">965586354</subfield>
            <subfield code="a">966549809</subfield>
            <subfield code="a">967796590</subfield>
            <subfield code="a">1030926646</subfield>
          </datafield>
          <datafield tag="020" ind1=" " ind2=" ">
            <subfield code="a">1250029198</subfield>
          </datafield>
          <datafield tag="020" ind1=" " ind2=" ">
            <subfield code="a">9781250029195</subfield>
          </datafield>
          <datafield tag="020" ind1=" " ind2=" ">
            <subfield code="a">9780545688321</subfield>
          </datafield>
          <datafield tag="020" ind1=" " ind2=" ">
            <subfield code="a">0545688329</subfield>
          </datafield>
          <datafield tag="020" ind1=" " ind2=" ">
            <subfield code="a">1250052157</subfield>
          </datafield>
          <datafield tag="020" ind1=" " ind2=" ">
            <subfield code="a">9781250052155</subfield>
          </datafield>
          <datafield tag="020" ind1=" " ind2=" ">
            <subfield code="z">9781250042415</subfield>
            <subfield code="q">(e-bk.)</subfield>
          </datafield>
          <datafield tag="020" ind1=" " ind2=" ">
            <subfield code="a">9781447227984</subfield>
          </datafield>
          <datafield tag="020" ind1=" " ind2=" ">
            <subfield code="a">1447227980</subfield>
          </datafield>
          <datafield tag="029" ind1="1" ind2=" ">
            <subfield code="a">AU@</subfield>
            <subfield code="b">000052315425</subfield>
          </datafield>
          <datafield tag="029" ind1="1" ind2=" ">
            <subfield code="a">NLNZL</subfield>
            <subfield code="b">9917141673502836</subfield>
          </datafield>
          <datafield tag="029" ind1="1" ind2=" ">
            <subfield code="a">NZ1</subfield>
            <subfield code="b">14960937</subfield>
          </datafield>
          <datafield tag="029" ind1="1" ind2=" ">
            <subfield code="a">NZ1</subfield>
            <subfield code="b">15667873</subfield>
          </datafield>
          <datafield tag="029" ind1="1" ind2=" ">
            <subfield code="a">NZ1</subfield>
            <subfield code="b">1714167</subfield>
          </datafield>
          <datafield tag="035" ind1=" " ind2=" ">
            <subfield code="a">(OCoLC)821218912</subfield>
            <subfield code="z">(OCoLC)875991575</subfield>
            <subfield code="z">(OCoLC)965586354</subfield>
            <subfield code="z">(OCoLC)966549809</subfield>
            <subfield code="z">(OCoLC)967796590</subfield>
            <subfield code="z">(OCoLC)1030926646</subfield>
          </datafield>
          <datafield tag="035" ind1=" " ind2=" ">
            <subfield code="a">(OCoLC)ocn821218912</subfield>
          </datafield>
          <datafield tag="040" ind1=" " ind2=" ">
            <subfield code="a">YDXCP</subfield>
            <subfield code="b">eng</subfield>
            <subfield code="e">rda</subfield>
            <subfield code="c">DLC</subfield>
            <subfield code="d">YDXCP</subfield>
            <subfield code="d">BDX</subfield>
            <subfield code="d">SINLB</subfield>
            <subfield code="d">GK5</subfield>
            <subfield code="d">OCP</subfield>
            <subfield code="d">OI6</subfield>
            <subfield code="d">FOLLT</subfield>
            <subfield code="d">AZFX8</subfield>
            <subfield code="d">TMI</subfield>
            <subfield code="d">OCLCF</subfield>
            <subfield code="d">ZGV</subfield>
            <subfield code="d">OCLCQ</subfield>
            <subfield code="d">AW3</subfield>
            <subfield code="d">OCLCO</subfield>
            <subfield code="d">TDS</subfield>
            <subfield code="d">OCL</subfield>
            <subfield code="d">OCLCO</subfield>
            <subfield code="d">T3D</subfield>
            <subfield code="d">TXCVP</subfield>
            <subfield code="d">OCLCQ</subfield>
            <subfield code="d">NZIPP</subfield>
            <subfield code="d">OCLCO</subfield>
            <subfield code="d">TOP</subfield>
            <subfield code="d">WYZ</subfield>
            <subfield code="d">SFR</subfield>
            <subfield code="d">CHILD</subfield>
            <subfield code="d">OCLCQ</subfield>
            <subfield code="d">WHWPL</subfield>
            <subfield code="d">OCLCO</subfield>
            <subfield code="d">AZZPT</subfield>
            <subfield code="d">FO7</subfield>
            <subfield code="d">QT4</subfield>
            <subfield code="d">NZ1</subfield>
            <subfield code="d">OCLCQ</subfield>
            <subfield code="d">QQ3</subfield>
            <subfield code="d">TXHUT</subfield>
            <subfield code="d">OCLCQ</subfield>
            <subfield code="d">H4N</subfield>
            <subfield code="d">MVS</subfield>
          </datafield>
          <datafield tag="042" ind1=" " ind2=" ">
            <subfield code="a">lccopycat</subfield>
          </datafield>
          <datafield tag="049" ind1=" " ind2=" ">
            <subfield code="a">MVSS</subfield>
          </datafield>
          <datafield tag="050" ind1="0" ind2="0">
            <subfield code="a">PZ7.O392</subfield>
            <subfield code="b">My 2013</subfield>
          </datafield>
          <datafield tag="082" ind1="0" ind2="4">
            <subfield code="a">[Fic]</subfield>
            <subfield code="2">23</subfield>
          </datafield>
          <datafield tag="100" ind1="1" ind2=" ">
            <subfield code="a">O'Hara, Mo,</subfield>
            <subfield code="e">author.</subfield>
          </datafield>
          <datafield tag="245" ind1="1" ind2="0">
            <subfield code="a">My big fat zombie goldfish /</subfield>
            <subfield code="c">Mo O'Hara ; illustrated by Marek Jagucki.</subfield>
          </datafield>
          <datafield tag="250" ind1=" " ind2=" ">
            <subfield code="a">First U.S. edition.</subfield>
          </datafield>
          <datafield tag="264" ind1=" " ind2="1">
            <subfield code="a">New York :</subfield>
            <subfield code="b">Feiwel and Friends,</subfield>
            <subfield code="c">2013.</subfield>
          </datafield>
          <datafield tag="300" ind1=" " ind2=" ">
            <subfield code="a">178 pages :</subfield>
            <subfield code="b">illustrations ;</subfield>
            <subfield code="c">22 cm.</subfield>
          </datafield>
          <datafield tag="336" ind1=" " ind2=" ">
            <subfield code="a">text</subfield>
            <subfield code="b">txt</subfield>
            <subfield code="2">rdacontent</subfield>
          </datafield>
          <datafield tag="337" ind1=" " ind2=" ">
            <subfield code="a">unmediated</subfield>
            <subfield code="b">n</subfield>
            <subfield code="2">rdamedia</subfield>
          </datafield>
          <datafield tag="338" ind1=" " ind2=" ">
            <subfield code="a">volume</subfield>
            <subfield code="b">nc</subfield>
            <subfield code="2">rdacarrier</subfield>
          </datafield>
          <datafield tag="490" ind1="1" ind2=" ">
            <subfield code="a">My big fat zombie goldfish ;</subfield>
            <subfield code="v">1</subfield>
          </datafield>
          <datafield tag="500" ind1=" " ind2=" ">
            <subfield code="a">"Orginally published in the UK by Macmillan Children's Books, a division of Macmillan Publishers Limited."</subfield>
          </datafield>
          <datafield tag="520" ind1=" " ind2=" ">
            <subfield code="a">When Tom's big brother decides to become an Evil Scientist, his first experiment involves dunking Frankie the goldfish into toxic green gunk. Tom knows that there is only one thing to do: Zap the fish with a battery and bring him back to life! But there's something weird about the new Frankie. He's now a BIG FAT ZOMBIE GOLDFISH with hypnotic powers and he's out for revenge!--Amazon.</subfield>
          </datafield>
          <datafield tag="526" ind1="8" ind2=" ">
            <subfield code="a">Accelerated Reader AR</subfield>
            <subfield code="b">Middle Grades</subfield>
            <subfield code="c">4.8</subfield>
            <subfield code="d">3.0</subfield>
            <subfield code="z">quiz: 163063.</subfield>
          </datafield>
          <datafield tag="526" ind1="8" ind2=" ">
            <subfield code="a">Reading Counts RC</subfield>
            <subfield code="b">3-5</subfield>
            <subfield code="c">4.5</subfield>
            <subfield code="d">6.0</subfield>
            <subfield code="z">quiz: 62013.</subfield>
          </datafield>
          <datafield tag="526" ind1="0" ind2=" ">
            <subfield code="a">Accelerated Reader</subfield>
            <subfield code="b">Grades 5-8</subfield>
            <subfield code="c">4.8</subfield>
            <subfield code="d">3</subfield>
            <subfield code="x">SD</subfield>
            <subfield code="z">Quiz 163063</subfield>
            <subfield code="z">English fiction.</subfield>
          </datafield>
          <datafield tag="526" ind1="0" ind2=" ">
            <subfield code="a">Reading Counts</subfield>
            <subfield code="b">3-5</subfield>
            <subfield code="c">4.5</subfield>
            <subfield code="d">6.</subfield>
          </datafield>
          <datafield tag="505" ind1="0" ind2=" ">
            <subfield code="a">A frankly shocking tale -- Rules the school!</subfield>
          </datafield>
          <datafield tag="650" ind1=" " ind2="0">
            <subfield code="a">Goldfish</subfield>
            <subfield code="v">Juvenile fiction.</subfield>
          </datafield>
          <datafield tag="650" ind1=" " ind2="0">
            <subfield code="a">Zombies</subfield>
            <subfield code="v">Juvenile fiction.</subfield>
          </datafield>
          <datafield tag="650" ind1=" " ind2="7">
            <subfield code="a">Goldfish.</subfield>
            <subfield code="2">fast</subfield>
            <subfield code="0">(OCoLC)fst00944593</subfield>
          </datafield>
          <datafield tag="650" ind1=" " ind2="7">
            <subfield code="a">Zombies.</subfield>
            <subfield code="2">fast</subfield>
            <subfield code="0">(OCoLC)fst01184595</subfield>
          </datafield>
          <datafield tag="655" ind1=" " ind2="7">
            <subfield code="a">Science fiction.</subfield>
            <subfield code="2">fast</subfield>
            <subfield code="0">(OCoLC)fst01726489</subfield>
          </datafield>
          <datafield tag="655" ind1=" " ind2="7">
            <subfield code="a">Fiction.</subfield>
            <subfield code="2">fast</subfield>
            <subfield code="0">(OCoLC)fst01423787</subfield>
          </datafield>
          <datafield tag="655" ind1=" " ind2="7">
            <subfield code="a">Juvenile works.</subfield>
            <subfield code="2">fast</subfield>
            <subfield code="0">(OCoLC)fst01411637</subfield>
          </datafield>
          <datafield tag="700" ind1="1" ind2=" ">
            <subfield code="a">Jagucki, Marek,</subfield>
            <subfield code="e">illustrator.</subfield>
          </datafield>
          <datafield tag="800" ind1="1" ind2=" ">
            <subfield code="a">O'Hara, Mo.</subfield>
            <subfield code="t">My big fat zombie goldfish ;</subfield>
            <subfield code="v">1.</subfield>
          </datafield>
          <datafield tag="856" ind1="4" ind2="1">
            <subfield code="3">Sample text</subfield>
            <subfield code="u">http://catdir.loc.gov/catdir/enhancements/fy1406/2013404186-s.html</subfield>
          </datafield>
          <datafield tag="856" ind1="4" ind2="2">
            <subfield code="3">Contributor biographical information</subfield>
            <subfield code="u">http://catdir.loc.gov/catdir/enhancements/fy1406/2013404186-b.html</subfield>
          </datafield>
          <datafield tag="856" ind1="4" ind2="2">
            <subfield code="3">Publisher description</subfield>
            <subfield code="u">http://catdir.loc.gov/catdir/enhancements/fy1406/2013404186-d.html</subfield>
          </datafield>
          <datafield tag="938" ind1=" " ind2=" ">
            <subfield code="a">Brodart</subfield>
            <subfield code="b">BROD</subfield>
            <subfield code="n">103795693</subfield>
          </datafield>
          <datafield tag="938" ind1=" " ind2=" ">
            <subfield code="a">Children's Plus, Inc.</subfield>
            <subfield code="b">CHIL</subfield>
            <subfield code="n">1733307</subfield>
          </datafield>
          <datafield tag="938" ind1=" " ind2=" ">
            <subfield code="a">YBP Library Services</subfield>
            <subfield code="b">YANK</subfield>
            <subfield code="n">9949620</subfield>
          </datafield>
          <datafield tag="949" ind1=" " ind2=" ">
            <subfield code="b">33151009178817</subfield>
          </datafield>
          <datafield tag="994" ind1=" " ind2=" ">
            <subfield code="a">C0</subfield>
            <subfield code="b">MVS</subfield>
          </datafield>
          <datafield tag="900" ind1="0" ind2=" ">
            <subfield code="b">MILL</subfield>
            <subfield code="c">J</subfield>
            <subfield code="h">PZ7.O392</subfield>
            <subfield code="i">My 2013</subfield>
            <subfield code="8">2237556610003569</subfield>
          </datafield>
        </record>
      </metadata>
    </record>