
    <record>
      <header>
        <identifier>oai:alma.01SSHELCOMILLRSVL:997630419003569</identifier>
        <datestamp>2019-02-01T12:06:40Z</datestamp>
        <setSpec>EDS:Set01</setSpec>
      </header>
      <metadata>
        <record xmlns="http://www.loc.gov/MARC21/slim" xmlns:xsi="http://www.w3.org/2001/XMLSchema-instance" xsi:schemaLocation="http://www.loc.gov/MARC21/slim http://www.loc.gov/standards/marcxml/schema/MARC21slim.xsd" >
          <leader>00960cam a2200289Mi 4500</leader>
          <controlfield tag="005">20180919090000.0</controlfield>
          <controlfield tag="008">890313s1900    nyu           000 0 eng d</controlfield>
          <controlfield tag="001">997630419003569</controlfield>
          <datafield tag="035" ind1=" " ind2=" ">
            <subfield code="a">(OCoLC)22668249</subfield>
          </datafield>
          <datafield tag="035" ind1=" " ind2=" ">
            <subfield code="a">(OCoLC)ocm22668249 </subfield>
          </datafield>
          <datafield tag="040" ind1=" " ind2=" ">
            <subfield code="a">IND</subfield>
            <subfield code="b">eng</subfield>
            <subfield code="c">IND</subfield>
            <subfield code="d">OCLCG</subfield>
            <subfield code="d">IAL</subfield>
            <subfield code="d">OCLCQ</subfield>
            <subfield code="d">OCLCF</subfield>
            <subfield code="d">OCLCQ</subfield>
            <subfield code="d">OCLCO</subfield>
          </datafield>
          <datafield tag="050" ind1="1" ind2="4">
            <subfield code="a">HQ799.9.M3</subfield>
            <subfield code="b">O2x 1937</subfield>
          </datafield>
          <datafield tag="100" ind1="1" ind2=" ">
            <subfield code="a">O'Brien, John A.</subfield>
            <subfield code="q">(John Anthony),</subfield>
            <subfield code="d">1893-1980.</subfield>
          </datafield>
          <datafield tag="245" ind1="1" ind2="0">
            <subfield code="a">Whom shall I marry? :</subfield>
            <subfield code="b">Guidance in the quest for happiness /</subfield>
            <subfield code="c">by John A. O'Brien.</subfield>
          </datafield>
          <datafield tag="260" ind1=" " ind2=" ">
            <subfield code="a">New York :</subfield>
            <subfield code="b">Paulist Press,</subfield>
            <subfield code="c">[19--]</subfield>
          </datafield>
          <datafield tag="300" ind1=" " ind2=" ">
            <subfield code="a">16 pages</subfield>
          </datafield>
          <datafield tag="336" ind1=" " ind2=" ">
            <subfield code="a">text</subfield>
            <subfield code="b">txt</subfield>
            <subfield code="2">rdacontent</subfield>
          </datafield>
          <datafield tag="337" ind1=" " ind2=" ">
            <subfield code="a">unmediated</subfield>
            <subfield code="b">n</subfield>
            <subfield code="2">rdamedia</subfield>
          </datafield>
          <datafield tag="338" ind1=" " ind2=" ">
            <subfield code="a">volume</subfield>
            <subfield code="b">nc</subfield>
            <subfield code="2">rdacarrier</subfield>
          </datafield>
          <datafield tag="520" ind1=" " ind2=" ">
            <subfield code="a">Catholic pamphlet.</subfield>
          </datafield>
          <datafield tag="650" ind1=" " ind2="0">
            <subfield code="a">Young adults.</subfield>
          </datafield>
          <datafield tag="650" ind1=" " ind2="0">
            <subfield code="a">Marriage.</subfield>
          </datafield>
          <datafield tag="650" ind1=" " ind2="7">
            <subfield code="a">Marriage.</subfield>
            <subfield code="2">fast</subfield>
            <subfield code="0">(OCoLC)fst01010443</subfield>
          </datafield>
          <datafield tag="650" ind1=" " ind2="7">
            <subfield code="a">Young adults.</subfield>
            <subfield code="2">fast</subfield>
            <subfield code="0">(OCoLC)fst01183198</subfield>
          </datafield>
          <datafield tag="948" ind1=" " ind2=" ">
            <subfield code="h">HELD BY MVS - 4 OTHER HOLDINGS</subfield>
          </datafield>
          <datafield tag="949" ind1=" " ind2=" ">
            <subfield code="i">AUTHORITY</subfield>
          </datafield>
          <datafield tag="994" ind1=" " ind2=" ">
            <subfield code="a">Z0</subfield>
            <subfield code="b">MVS</subfield>
          </datafield>
          <datafield tag="900" ind1="0" ind2=" ">
            <subfield code="b">MILL</subfield>
            <subfield code="c">SC</subfield>
            <subfield code="h">HQ734</subfield>
            <subfield code="i">.O286x 1937</subfield>
            <subfield code="8">2235947910003569</subfield>
          </datafield>
        </record>
      </metadata>
    </record>