
    <record>
      <header>
        <identifier>oai:alma.01SSHELCOMILLRSVL:997626717303569</identifier>
        <datestamp>2019-02-01T12:06:40Z</datestamp>
        <setSpec>EDS:Set01</setSpec>
      </header>
      <metadata>
        <record xmlns="http://www.loc.gov/MARC21/slim" xmlns:xsi="http://www.w3.org/2001/XMLSchema-instance" xsi:schemaLocation="http://www.loc.gov/MARC21/slim http://www.loc.gov/standards/marcxml/schema/MARC21slim.xsd" >
          <leader>03137cam  2200721 a 4500</leader>
          <controlfield tag="005">20180829150113.0</controlfield>
          <controlfield tag="008">090323s2010    nyu    c      000 f eng  </controlfield>
          <controlfield tag="001">997626717303569</controlfield>
          <datafield tag="010" ind1=" " ind2=" ">
            <subfield code="a">  2009011276</subfield>
          </datafield>
          <datafield tag="020" ind1=" " ind2=" ">
            <subfield code="a">9781416915027</subfield>
            <subfield code="q">(hc)</subfield>
          </datafield>
          <datafield tag="020" ind1=" " ind2=" ">
            <subfield code="a">1416915028</subfield>
            <subfield code="q">(hc)</subfield>
          </datafield>
          <datafield tag="035" ind1=" " ind2=" ">
            <subfield code="a">(OCoLC)317623117</subfield>
          </datafield>
          <datafield tag="035" ind1=" " ind2=" ">
            <subfield code="a">(OCoLC)ocn317623117</subfield>
          </datafield>
          <datafield tag="037" ind1=" " ind2=" ">
            <subfield code="b">Junior Library Guild</subfield>
            <subfield code="n">http://www.juniorlibraryguild.com</subfield>
          </datafield>
          <datafield tag="040" ind1=" " ind2=" ">
            <subfield code="a">DLC</subfield>
            <subfield code="b">eng</subfield>
            <subfield code="c">DLC</subfield>
            <subfield code="d">BTCTA</subfield>
            <subfield code="d">TEF</subfield>
            <subfield code="d">JP3</subfield>
            <subfield code="d">XY4</subfield>
            <subfield code="d">EHH</subfield>
            <subfield code="d">YDXCP</subfield>
            <subfield code="d">MNW</subfield>
            <subfield code="d">BDX</subfield>
            <subfield code="d">OCLCA</subfield>
            <subfield code="d">OCLCF</subfield>
            <subfield code="d">CZL</subfield>
            <subfield code="d">OCLCO</subfield>
            <subfield code="d">SWW</subfield>
            <subfield code="d">OCLCQ</subfield>
            <subfield code="d">OCL</subfield>
            <subfield code="d">OCLCO</subfield>
            <subfield code="d">OCL</subfield>
            <subfield code="d">CCE</subfield>
            <subfield code="d">XFG</subfield>
            <subfield code="d">RB0</subfield>
            <subfield code="d">OCL</subfield>
            <subfield code="d">OCLCO</subfield>
            <subfield code="d">VBO</subfield>
            <subfield code="d">OZ8</subfield>
            <subfield code="d">MVS</subfield>
          </datafield>
          <datafield tag="042" ind1=" " ind2=" ">
            <subfield code="a">lcac</subfield>
          </datafield>
          <datafield tag="043" ind1=" " ind2=" ">
            <subfield code="a">n-us-ut</subfield>
          </datafield>
          <datafield tag="049" ind1=" " ind2=" ">
            <subfield code="a">MVSS</subfield>
          </datafield>
          <datafield tag="050" ind1="0" ind2="0">
            <subfield code="a">PZ7.H87312</subfield>
            <subfield code="b">Mis 2010</subfield>
          </datafield>
          <datafield tag="082" ind1="0" ind2="0">
            <subfield code="a">[Fic]</subfield>
            <subfield code="2">22</subfield>
          </datafield>
          <datafield tag="100" ind1="1" ind2=" ">
            <subfield code="a">Hughes, Dean,</subfield>
            <subfield code="d">1943-</subfield>
          </datafield>
          <datafield tag="245" ind1="1" ind2="0">
            <subfield code="a">Missing in action /</subfield>
            <subfield code="c">Dean Hughes.</subfield>
          </datafield>
          <datafield tag="250" ind1=" " ind2=" ">
            <subfield code="a">1st ed.</subfield>
          </datafield>
          <datafield tag="260" ind1=" " ind2=" ">
            <subfield code="a">New York :</subfield>
            <subfield code="b">Atheneum Books for Young Readers,</subfield>
            <subfield code="c">©2010.</subfield>
          </datafield>
          <datafield tag="300" ind1=" " ind2=" ">
            <subfield code="a">228 pages ;</subfield>
            <subfield code="c">22 cm</subfield>
          </datafield>
          <datafield tag="336" ind1=" " ind2=" ">
            <subfield code="a">text</subfield>
            <subfield code="b">txt</subfield>
            <subfield code="2">rdacontent</subfield>
          </datafield>
          <datafield tag="337" ind1=" " ind2=" ">
            <subfield code="a">unmediated</subfield>
            <subfield code="b">n</subfield>
            <subfield code="2">rdamedia</subfield>
          </datafield>
          <datafield tag="338" ind1=" " ind2=" ">
            <subfield code="a">volume</subfield>
            <subfield code="b">nc</subfield>
            <subfield code="2">rdacarrier</subfield>
          </datafield>
          <datafield tag="521" ind1="8" ind2=" ">
            <subfield code="a">620</subfield>
            <subfield code="b">Lexile.</subfield>
          </datafield>
          <datafield tag="586" ind1="8" ind2=" ">
            <subfield code="a">A Junior Library Guild selection</subfield>
          </datafield>
          <datafield tag="586" ind1=" " ind2=" ">
            <subfield code="a">Notable Social Studies Trade Books for Young People, 2011</subfield>
          </datafield>
          <datafield tag="521" ind1="8" ind2=" ">
            <subfield code="a">Ages 10-14.</subfield>
          </datafield>
          <datafield tag="520" ind1=" " ind2=" ">
            <subfield code="a">While his father is missing in action in the Pacific during World War II, twelve-year-old Jay moves with his mother to small-town Utah, where he sees prejudice from both sides, as a part-Navajo himself and through an unlikely friendship with Japanese American Ken from the nearby internment camp.</subfield>
          </datafield>
          <datafield tag="521" ind1="8" ind2=" ">
            <subfield code="a">Lexile: 620.</subfield>
          </datafield>
          <datafield tag="526" ind1="0" ind2=" ">
            <subfield code="a">Accelerated Reader AR</subfield>
            <subfield code="b">MG+</subfield>
            <subfield code="c">3.9</subfield>
            <subfield code="d">7.0</subfield>
            <subfield code="z">135337.</subfield>
          </datafield>
          <datafield tag="526" ind1="0" ind2=" ">
            <subfield code="a">Reading Counts RC</subfield>
            <subfield code="b">6-8</subfield>
            <subfield code="c">4.5</subfield>
            <subfield code="d">14</subfield>
            <subfield code="z">Quiz: 48252.</subfield>
          </datafield>
          <datafield tag="611" ind1="2" ind2="7">
            <subfield code="a">Evacuation and relocation of Japanese Americans (United States : 1942-1945)</subfield>
            <subfield code="2">fast</subfield>
            <subfield code="0">(OCoLC)fst01801850</subfield>
          </datafield>
          <datafield tag="611" ind1="2" ind2="7">
            <subfield code="a">World War (1939-1945)</subfield>
            <subfield code="2">fast</subfield>
            <subfield code="0">(OCoLC)fst01180924</subfield>
          </datafield>
          <datafield tag="650" ind1=" " ind2="0">
            <subfield code="a">Prejudices</subfield>
            <subfield code="v">Juvenile fiction.</subfield>
          </datafield>
          <datafield tag="650" ind1=" " ind2="0">
            <subfield code="a">Japanese Americans</subfield>
            <subfield code="x">Evacuation and relocation, 1942-1945</subfield>
            <subfield code="v">Juvenile fiction.</subfield>
          </datafield>
          <datafield tag="650" ind1=" " ind2="0">
            <subfield code="a">Racially mixed people</subfield>
            <subfield code="v">Juvenile fiction.</subfield>
          </datafield>
          <datafield tag="650" ind1=" " ind2="0">
            <subfield code="a">Baseball stories.</subfield>
          </datafield>
          <datafield tag="650" ind1=" " ind2="0">
            <subfield code="a">Grandparents</subfield>
            <subfield code="v">Juvenile fiction.</subfield>
          </datafield>
          <datafield tag="650" ind1=" " ind2="0">
            <subfield code="a">World War, 1939-1945</subfield>
            <subfield code="v">Juvenile fiction.</subfield>
          </datafield>
          <datafield tag="650" ind1=" " ind2="0">
            <subfield code="a">Families</subfield>
            <subfield code="z">Utah</subfield>
            <subfield code="v">Juvenile fiction.</subfield>
          </datafield>
          <datafield tag="651" ind1=" " ind2="0">
            <subfield code="a">Utah</subfield>
            <subfield code="x">History</subfield>
            <subfield code="y">20th century</subfield>
            <subfield code="v">Juvenile fiction.</subfield>
          </datafield>
          <datafield tag="650" ind1=" " ind2="7">
            <subfield code="a">Japanese Americans.</subfield>
            <subfield code="2">fast</subfield>
            <subfield code="0">(OCoLC)fst00981441</subfield>
          </datafield>
          <datafield tag="650" ind1=" " ind2="7">
            <subfield code="a">Baseball stories.</subfield>
            <subfield code="2">fast</subfield>
            <subfield code="0">(OCoLC)fst00828034</subfield>
          </datafield>
          <datafield tag="650" ind1=" " ind2="7">
            <subfield code="a">Families.</subfield>
            <subfield code="2">fast</subfield>
            <subfield code="0">(OCoLC)fst01728849</subfield>
          </datafield>
          <datafield tag="650" ind1=" " ind2="7">
            <subfield code="a">Grandparents.</subfield>
            <subfield code="2">fast</subfield>
            <subfield code="0">(OCoLC)fst00946374</subfield>
          </datafield>
          <datafield tag="650" ind1=" " ind2="7">
            <subfield code="a">Prejudices.</subfield>
            <subfield code="2">fast</subfield>
            <subfield code="0">(OCoLC)fst01075260</subfield>
          </datafield>
          <datafield tag="650" ind1=" " ind2="7">
            <subfield code="a">Racially mixed people.</subfield>
            <subfield code="2">fast</subfield>
            <subfield code="0">(OCoLC)fst01086595</subfield>
          </datafield>
          <datafield tag="651" ind1=" " ind2="7">
            <subfield code="a">Utah.</subfield>
            <subfield code="2">fast</subfield>
            <subfield code="0">(OCoLC)fst01204563</subfield>
          </datafield>
          <datafield tag="648" ind1=" " ind2="7">
            <subfield code="a">1900 - 1999</subfield>
            <subfield code="2">fast</subfield>
          </datafield>
          <datafield tag="655" ind1=" " ind2="7">
            <subfield code="a">War fiction.</subfield>
            <subfield code="2">fast</subfield>
            <subfield code="0">(OCoLC)fst01922585</subfield>
          </datafield>
          <datafield tag="655" ind1=" " ind2="7">
            <subfield code="a">Fiction.</subfield>
            <subfield code="2">fast</subfield>
            <subfield code="0">(OCoLC)fst01423787</subfield>
          </datafield>
          <datafield tag="655" ind1=" " ind2="7">
            <subfield code="a">History.</subfield>
            <subfield code="2">fast</subfield>
            <subfield code="0">(OCoLC)fst01411628</subfield>
          </datafield>
          <datafield tag="655" ind1=" " ind2="7">
            <subfield code="a">Juvenile works.</subfield>
            <subfield code="2">fast</subfield>
            <subfield code="0">(OCoLC)fst01411637</subfield>
          </datafield>
          <datafield tag="938" ind1=" " ind2=" ">
            <subfield code="a">Brodart</subfield>
            <subfield code="b">BROD</subfield>
            <subfield code="n">10347933</subfield>
            <subfield code="c">$16.99</subfield>
          </datafield>
          <datafield tag="938" ind1=" " ind2=" ">
            <subfield code="a">Baker and Taylor</subfield>
            <subfield code="b">BTCP</subfield>
            <subfield code="n">BK0008448049</subfield>
          </datafield>
          <datafield tag="938" ind1=" " ind2=" ">
            <subfield code="a">YBP Library Services</subfield>
            <subfield code="b">YANK</subfield>
            <subfield code="n">6821080</subfield>
          </datafield>
          <datafield tag="949" ind1=" " ind2=" ">
            <subfield code="3">3151009163462</subfield>
          </datafield>
          <datafield tag="994" ind1=" " ind2=" ">
            <subfield code="a">C0</subfield>
            <subfield code="b">MVS</subfield>
          </datafield>
          <datafield tag="900" ind1="0" ind2=" ">
            <subfield code="b">MILL</subfield>
            <subfield code="c">J</subfield>
            <subfield code="h">PZ7.H87312</subfield>
            <subfield code="i">Mis 2010</subfield>
            <subfield code="8">2235608180003569</subfield>
          </datafield>
        </record>
      </metadata>
    </record>