
    <record>
      <header>
        <identifier>oai:alma.01SSHELCOMILLRSVL:997629624703569</identifier>
        <datestamp>2019-02-01T12:06:40Z</datestamp>
        <setSpec>EDS:Set01</setSpec>
      </header>
      <metadata>
        <record xmlns="http://www.loc.gov/MARC21/slim" xmlns:xsi="http://www.w3.org/2001/XMLSchema-instance" xsi:schemaLocation="http://www.loc.gov/MARC21/slim http://www.loc.gov/standards/marcxml/schema/MARC21slim.xsd" >
          <leader>00337nam  22001093u 4500</leader>
          <controlfield tag="008">180821s2013####xx######r#####000#0#eng#d</controlfield>
          <controlfield tag="005">20180821110639.0</controlfield>
          <controlfield tag="001">997629624703569</controlfield>
          <datafield tag="050" ind1=" " ind2="4">
            <subfield code="a">PERSONAL ITEM FRANKUM</subfield>
          </datafield>
          <datafield tag="100" ind1="1" ind2=" ">
            <subfield code="a">Janet S. K. Watson</subfield>
          </datafield>
          <datafield tag="245" ind1="1" ind2="0">
            <subfield code="a">Fighting Different Wars: Experience, Memory, and the First World War in Britain</subfield>
          </datafield>
          <datafield tag="260" ind1=" " ind2=" ">
            <subfield code="a">2004</subfield>
            <subfield code="b">Cambridge</subfield>
          </datafield>
          <datafield tag="900" ind1="0" ind2=" ">
            <subfield code="b">MILL</subfield>
            <subfield code="c">RESS</subfield>
            <subfield code="h">PERSONAL ITEM FRANKUM</subfield>
            <subfield code="8">2235859540003569</subfield>
          </datafield>
        </record>
      </metadata>
    </record>