
    <record>
      <header>
        <identifier>oai:alma.01SSHELCOMILLRSVL:997644525403569</identifier>
        <datestamp>2019-02-01T12:06:40Z</datestamp>
        <setSpec>EDS:Set01</setSpec>
      </header>
      <metadata>
        <record xmlns="http://www.loc.gov/MARC21/slim" xmlns:xsi="http://www.w3.org/2001/XMLSchema-instance" xsi:schemaLocation="http://www.loc.gov/MARC21/slim http://www.loc.gov/standards/marcxml/schema/MARC21slim.xsd" >
          <leader>03018cam a2200589 i 4500</leader>
          <controlfield tag="005">20190128155110.0</controlfield>
          <controlfield tag="008">161214t20182018mnua   j      001 0beng d</controlfield>
          <controlfield tag="001">997644525403569</controlfield>
          <datafield tag="010" ind1=" " ind2=" ">
            <subfield code="a">  2016962473</subfield>
          </datafield>
          <datafield tag="020" ind1=" " ind2=" ">
            <subfield code="a">9781532110740</subfield>
            <subfield code="q">(hardcover)</subfield>
          </datafield>
          <datafield tag="020" ind1=" " ind2=" ">
            <subfield code="a">153211074X</subfield>
            <subfield code="q">(hardcover)</subfield>
          </datafield>
          <datafield tag="035" ind1=" " ind2=" ">
            <subfield code="a">(OCoLC)975490083</subfield>
          </datafield>
          <datafield tag="035" ind1=" " ind2=" ">
            <subfield code="a">(OCoLC)ocn975490083</subfield>
          </datafield>
          <datafield tag="040" ind1=" " ind2=" ">
            <subfield code="a">BTCTA</subfield>
            <subfield code="b">eng</subfield>
            <subfield code="e">rda</subfield>
            <subfield code="c">DLC</subfield>
            <subfield code="d">YDX</subfield>
            <subfield code="d">BDX</subfield>
            <subfield code="d">HCO</subfield>
            <subfield code="d">CHILD</subfield>
            <subfield code="d">SINLB</subfield>
            <subfield code="d">BTCTA</subfield>
            <subfield code="d">VP@</subfield>
            <subfield code="d">OCLCF</subfield>
            <subfield code="d">TXJBN</subfield>
            <subfield code="d">OCLCQ</subfield>
            <subfield code="d">OCLCO</subfield>
            <subfield code="d">MVS</subfield>
          </datafield>
          <datafield tag="042" ind1=" " ind2=" ">
            <subfield code="a">lccopycat</subfield>
          </datafield>
          <datafield tag="043" ind1=" " ind2=" ">
            <subfield code="a">n-us---</subfield>
          </datafield>
          <datafield tag="049" ind1=" " ind2=" ">
            <subfield code="a">MVSS</subfield>
          </datafield>
          <datafield tag="050" ind1="0" ind2="0">
            <subfield code="a">HD9707.5.S852</subfield>
            <subfield code="b">F67 2018</subfield>
          </datafield>
          <datafield tag="082" ind1="1" ind2="4">
            <subfield code="a">391</subfield>
            <subfield code="2">14</subfield>
          </datafield>
          <datafield tag="100" ind1="1" ind2=" ">
            <subfield code="a">Felix, Rebecca,</subfield>
            <subfield code="d">1984-</subfield>
            <subfield code="e">author.</subfield>
          </datafield>
          <datafield tag="245" ind1="1" ind2="0">
            <subfield code="a">Sam Foster :</subfield>
            <subfield code="b">sunglasses success /</subfield>
            <subfield code="c">Rebecca Felix.</subfield>
          </datafield>
          <datafield tag="264" ind1=" " ind2="1">
            <subfield code="a">Minneapolis, Minnesota :</subfield>
            <subfield code="b">Checkerboard Library, an imprint of Abdo Publishing,</subfield>
            <subfield code="c">[2018]</subfield>
          </datafield>
          <datafield tag="264" ind1=" " ind2="4">
            <subfield code="c">©2018</subfield>
          </datafield>
          <datafield tag="300" ind1=" " ind2=" ">
            <subfield code="a">32 pages :</subfield>
            <subfield code="b">illustrations (some color) ;</subfield>
            <subfield code="c">21 cm.</subfield>
          </datafield>
          <datafield tag="336" ind1=" " ind2=" ">
            <subfield code="a">text</subfield>
            <subfield code="b">txt</subfield>
            <subfield code="2">rdacontent</subfield>
          </datafield>
          <datafield tag="336" ind1=" " ind2=" ">
            <subfield code="a">still image</subfield>
            <subfield code="b">sti</subfield>
            <subfield code="2">rdacontent</subfield>
          </datafield>
          <datafield tag="337" ind1=" " ind2=" ">
            <subfield code="a">unmediated</subfield>
            <subfield code="b">n</subfield>
            <subfield code="2">rdamedia</subfield>
          </datafield>
          <datafield tag="338" ind1=" " ind2=" ">
            <subfield code="a">volume</subfield>
            <subfield code="b">nc</subfield>
            <subfield code="2">rdacarrier</subfield>
          </datafield>
          <datafield tag="490" ind1="1" ind2=" ">
            <subfield code="a">1st in fashion</subfield>
          </datafield>
          <datafield tag="500" ind1=" " ind2=" ">
            <subfield code="a">Includes index.</subfield>
          </datafield>
          <datafield tag="505" ind1="0" ind2=" ">
            <subfield code="a">Made in the shade -- Stone &amp; bone -- Fashion time machine -- Plastics pioneer -- New vision -- Molding success -- Awesome ads -- Company changes -- Iconic accessory -- Timeline -- Glossary.</subfield>
          </datafield>
          <datafield tag="520" ind1=" " ind2=" ">
            <subfield code="a">"In this engaging biography, readers will learn about the first person to mass-produce sunglasses, Sam Foster. Follow Foster's story from his early years manufacturing plastic accessories to his creation of the Foster Grant company and the development of sunglasses from novelty item to fashion accessory to protective eyewear. Fun Facts, a helpful timeline, a glossary, and an index supplement the historical and color photos showcased in this inspiring biography. Aligned to Common Core Standards and correlated to state standards. Checkerboard Library is an imprint of Abdo Publishing, a division of ABDO."--Publisher's website.</subfield>
          </datafield>
          <datafield tag="600" ind1="1" ind2="0">
            <subfield code="a">Foster, Samuel,</subfield>
            <subfield code="c">Jr.,</subfield>
            <subfield code="d">1883-1966</subfield>
            <subfield code="v">Juvenile literature.</subfield>
          </datafield>
          <datafield tag="610" ind1="2" ind2="0">
            <subfield code="a">Foster Grant (Firm)</subfield>
            <subfield code="x">History</subfield>
            <subfield code="v">Juvenile literature.</subfield>
          </datafield>
          <datafield tag="650" ind1=" " ind2="0">
            <subfield code="a">Businessmen</subfield>
            <subfield code="z">United States</subfield>
            <subfield code="v">Biography</subfield>
            <subfield code="v">Juvenile literature.</subfield>
          </datafield>
          <datafield tag="650" ind1=" " ind2="0">
            <subfield code="a">Sunglasses industry</subfield>
            <subfield code="z">United States</subfield>
            <subfield code="v">Juvenile literature.</subfield>
          </datafield>
          <datafield tag="650" ind1=" " ind2="0">
            <subfield code="a">Sunglasses</subfield>
            <subfield code="v">Juvenile literature.</subfield>
          </datafield>
          <datafield tag="650" ind1=" " ind2="7">
            <subfield code="a">Businessmen.</subfield>
            <subfield code="2">fast</subfield>
            <subfield code="0">(OCoLC)fst00842951</subfield>
          </datafield>
          <datafield tag="650" ind1=" " ind2="7">
            <subfield code="a">Sunglasses.</subfield>
            <subfield code="2">fast</subfield>
            <subfield code="0">(OCoLC)fst01138707</subfield>
          </datafield>
          <datafield tag="650" ind1=" " ind2="7">
            <subfield code="a">Sunglasses industry.</subfield>
            <subfield code="2">fast</subfield>
            <subfield code="0">(OCoLC)fst01138709</subfield>
          </datafield>
          <datafield tag="651" ind1=" " ind2="7">
            <subfield code="a">United States.</subfield>
            <subfield code="2">fast</subfield>
            <subfield code="0">(OCoLC)fst01204155</subfield>
          </datafield>
          <datafield tag="655" ind1=" " ind2="7">
            <subfield code="a">Biographies.</subfield>
            <subfield code="2">fast</subfield>
            <subfield code="0">(OCoLC)fst01919896</subfield>
          </datafield>
          <datafield tag="655" ind1=" " ind2="7">
            <subfield code="a">Biography.</subfield>
            <subfield code="2">fast</subfield>
            <subfield code="0">(OCoLC)fst01423686</subfield>
          </datafield>
          <datafield tag="655" ind1=" " ind2="7">
            <subfield code="a">History.</subfield>
            <subfield code="2">fast</subfield>
            <subfield code="0">(OCoLC)fst01411628</subfield>
          </datafield>
          <datafield tag="655" ind1=" " ind2="7">
            <subfield code="a">Juvenile works.</subfield>
            <subfield code="2">fast</subfield>
            <subfield code="0">(OCoLC)fst01411637</subfield>
          </datafield>
          <datafield tag="830" ind1=" " ind2="0">
            <subfield code="a">1st in fashion.</subfield>
          </datafield>
          <datafield tag="938" ind1=" " ind2=" ">
            <subfield code="a">Brodart</subfield>
            <subfield code="b">BROD</subfield>
            <subfield code="n">119661845</subfield>
          </datafield>
          <datafield tag="938" ind1=" " ind2=" ">
            <subfield code="a">Baker and Taylor</subfield>
            <subfield code="b">BTCP</subfield>
            <subfield code="n">BK0020474278</subfield>
          </datafield>
          <datafield tag="938" ind1=" " ind2=" ">
            <subfield code="a">Children's Plus, Inc.</subfield>
            <subfield code="b">CHIL</subfield>
            <subfield code="n">2022177</subfield>
          </datafield>
          <datafield tag="938" ind1=" " ind2=" ">
            <subfield code="a">YBP Library Services</subfield>
            <subfield code="b">YANK</subfield>
            <subfield code="n">13666694</subfield>
          </datafield>
          <datafield tag="949" ind1=" " ind2=" ">
            <subfield code="b">33151009179336</subfield>
          </datafield>
          <datafield tag="994" ind1=" " ind2=" ">
            <subfield code="a">C0</subfield>
            <subfield code="b">MVS</subfield>
          </datafield>
          <datafield tag="900" ind1="0" ind2=" ">
            <subfield code="b">MILL</subfield>
            <subfield code="c">J</subfield>
            <subfield code="h">HD9707.5.S852</subfield>
            <subfield code="i">F67 2018</subfield>
            <subfield code="8">2237557890003569</subfield>
          </datafield>
        </record>
      </metadata>
    </record>