
    <record>
      <header>
        <identifier>oai:alma.01SSHELCOMILLRSVL:997640526103569</identifier>
        <datestamp>2019-02-01T12:06:40Z</datestamp>
        <setSpec>EDS:Set01</setSpec>
      </header>
      <metadata>
        <record xmlns="http://www.loc.gov/MARC21/slim" xmlns:xsi="http://www.w3.org/2001/XMLSchema-instance" xsi:schemaLocation="http://www.loc.gov/MARC21/slim http://www.loc.gov/standards/marcxml/schema/MARC21slim.xsd" >
          <leader>02839cam a2200481 i 4500</leader>
          <controlfield tag="005">20181204032154.0</controlfield>
          <controlfield tag="008">180518s2018    nyua     b    001 0 eng  </controlfield>
          <controlfield tag="001">997640526103569</controlfield>
          <datafield tag="010" ind1=" " ind2=" ">
            <subfield code="a">  2018017925</subfield>
          </datafield>
          <datafield tag="016" ind1="7" ind2=" ">
            <subfield code="a">019089181</subfield>
            <subfield code="2">Uk</subfield>
          </datafield>
          <datafield tag="020" ind1=" " ind2=" ">
            <subfield code="a">9780807759455</subfield>
            <subfield code="q">paperback</subfield>
            <subfield code="q">alkaline paper</subfield>
          </datafield>
          <datafield tag="020" ind1=" " ind2=" ">
            <subfield code="a">0807759457</subfield>
            <subfield code="q">paperback</subfield>
            <subfield code="q">alkaline paper</subfield>
          </datafield>
          <datafield tag="029" ind1="1" ind2=" ">
            <subfield code="a">UKMGB</subfield>
            <subfield code="b">019089181</subfield>
          </datafield>
          <datafield tag="035" ind1=" " ind2=" ">
            <subfield code="a">(OCoLC)1042084532</subfield>
          </datafield>
          <datafield tag="035" ind1=" " ind2=" ">
            <subfield code="a">(OCoLC)on1042084532</subfield>
          </datafield>
          <datafield tag="040" ind1=" " ind2=" ">
            <subfield code="a">DLC</subfield>
            <subfield code="b">eng</subfield>
            <subfield code="e">rda</subfield>
            <subfield code="c">DLC</subfield>
            <subfield code="d">OCLCO</subfield>
            <subfield code="d">OCLCF</subfield>
            <subfield code="d">YDX</subfield>
            <subfield code="d">HRM</subfield>
            <subfield code="d">OCLCO</subfield>
            <subfield code="d">UKMGB</subfield>
            <subfield code="d">MVS</subfield>
          </datafield>
          <datafield tag="042" ind1=" " ind2=" ">
            <subfield code="a">pcc</subfield>
          </datafield>
          <datafield tag="049" ind1=" " ind2=" ">
            <subfield code="a">MVSS</subfield>
          </datafield>
          <datafield tag="050" ind1="0" ind2="0">
            <subfield code="a">LC4717.85</subfield>
            <subfield code="b">.R69 2018</subfield>
          </datafield>
          <datafield tag="082" ind1="0" ind2="0">
            <subfield code="a">371.94</subfield>
            <subfield code="2">23</subfield>
          </datafield>
          <datafield tag="100" ind1="1" ind2=" ">
            <subfield code="a">Rozema, Robert,</subfield>
            <subfield code="e">author.</subfield>
          </datafield>
          <datafield tag="245" ind1="1" ind2="0">
            <subfield code="a">Seeing the spectrum :</subfield>
            <subfield code="b">teaching English language arts to adolescents with autism /</subfield>
            <subfield code="c">Robert Rozema ; foreword by Jeffrey D. Wilhelm.</subfield>
          </datafield>
          <datafield tag="264" ind1=" " ind2="1">
            <subfield code="a">New York, NY :</subfield>
            <subfield code="b">Teachers College Press ;</subfield>
            <subfield code="a">Arlington, VA :</subfield>
            <subfield code="b">The Council for Exceptional Children,</subfield>
            <subfield code="c">[2018]</subfield>
          </datafield>
          <datafield tag="300" ind1=" " ind2=" ">
            <subfield code="a">xi, 156 pages :</subfield>
            <subfield code="b">illustrations ;</subfield>
            <subfield code="c">23 cm.</subfield>
          </datafield>
          <datafield tag="336" ind1=" " ind2=" ">
            <subfield code="a">text</subfield>
            <subfield code="b">txt</subfield>
            <subfield code="2">rdacontent</subfield>
          </datafield>
          <datafield tag="337" ind1=" " ind2=" ">
            <subfield code="a">unmediated</subfield>
            <subfield code="b">n</subfield>
            <subfield code="2">rdamedia</subfield>
          </datafield>
          <datafield tag="338" ind1=" " ind2=" ">
            <subfield code="a">volume</subfield>
            <subfield code="b">nc</subfield>
            <subfield code="2">rdacarrier</subfield>
          </datafield>
          <datafield tag="490" ind1="1" ind2=" ">
            <subfield code="a">Language and literacy series</subfield>
          </datafield>
          <datafield tag="504" ind1=" " ind2=" ">
            <subfield code="a">Includes bibliographical references and index.</subfield>
          </datafield>
          <datafield tag="505" ind1="0" ind2=" ">
            <subfield code="a">Introduction; Autism Spectrum Disorder; Students with ASD in the Inclusive ELA Classroom; The Students in This Study: Jacob, Derek, Brad, Jonathan, and Tanner; Methodology; A Word on Language and Labels; About This Book -- 1: Reading Literature; Emotional Dysregulation and Anxiety; Perspective-Taking; Figurative Language; Fostering Understanding: Autism-Themed Fiction -- 2: Reading Informational Texts; Special Interests; Fostering Understanding: Autism-Themed Memoirs -- 3: Writing; Executive Function; Central Coherence; Social Impairment; Fostering Understanding: Peer Mediators -- 4: Speaking and Listening; Pragmatic Language Impairment; Fostering Understanding: Peer Mediators -- 5: Putting It All Together; Anchor Text: Of Mice and Men; Materials; Essential Questions; Daily Overviews; Summative Assessment; Conclusion.</subfield>
          </datafield>
          <datafield tag="650" ind1=" " ind2="0">
            <subfield code="a">Autistic children</subfield>
            <subfield code="x">Education.</subfield>
          </datafield>
          <datafield tag="650" ind1=" " ind2="0">
            <subfield code="a">Children with autism spectrum disorders</subfield>
            <subfield code="x">Education.</subfield>
          </datafield>
          <datafield tag="650" ind1=" " ind2="0">
            <subfield code="a">English language</subfield>
            <subfield code="x">Study and teaching.</subfield>
          </datafield>
          <datafield tag="650" ind1=" " ind2="0">
            <subfield code="a">Special education</subfield>
            <subfield code="x">Language arts.</subfield>
          </datafield>
          <datafield tag="650" ind1=" " ind2="7">
            <subfield code="a">Autistic children</subfield>
            <subfield code="x">Education.</subfield>
            <subfield code="2">fast</subfield>
            <subfield code="0">(OCoLC)fst00822509</subfield>
          </datafield>
          <datafield tag="650" ind1=" " ind2="7">
            <subfield code="a">Children with autism spectrum disorders</subfield>
            <subfield code="x">Education.</subfield>
            <subfield code="2">fast</subfield>
            <subfield code="0">(OCoLC)fst01983682</subfield>
          </datafield>
          <datafield tag="650" ind1=" " ind2="7">
            <subfield code="a">English language</subfield>
            <subfield code="x">Study and teaching.</subfield>
            <subfield code="2">fast</subfield>
            <subfield code="0">(OCoLC)fst00911670</subfield>
          </datafield>
          <datafield tag="776" ind1="0" ind2="8">
            <subfield code="i">Online version:</subfield>
            <subfield code="a">Rozema, Robert, author.</subfield>
            <subfield code="t">Seeing the spectrum</subfield>
            <subfield code="d">New York : Teachers College Press, [2018]</subfield>
            <subfield code="z">9780807777299</subfield>
            <subfield code="w">(DLC)  2018032917</subfield>
          </datafield>
          <datafield tag="830" ind1=" " ind2="0">
            <subfield code="a">Language and literacy series (New York, N.Y.)</subfield>
          </datafield>
          <datafield tag="938" ind1=" " ind2=" ">
            <subfield code="a">Brodart</subfield>
            <subfield code="b">BROD</subfield>
            <subfield code="n">122681282</subfield>
          </datafield>
          <datafield tag="938" ind1=" " ind2=" ">
            <subfield code="a">YBP Library Services</subfield>
            <subfield code="b">YANK</subfield>
            <subfield code="n">15562774</subfield>
          </datafield>
          <datafield tag="949" ind1=" " ind2=" ">
            <subfield code="b">33151009178478</subfield>
          </datafield>
          <datafield tag="994" ind1=" " ind2=" ">
            <subfield code="a">C0</subfield>
            <subfield code="b">MVS</subfield>
          </datafield>
          <datafield tag="900" ind1="0" ind2=" ">
            <subfield code="b">MILL</subfield>
            <subfield code="c">B</subfield>
            <subfield code="h">LC4717.85</subfield>
            <subfield code="i">.R69 2018</subfield>
            <subfield code="8">2237179890003569</subfield>
          </datafield>
        </record>
      </metadata>
    </record>