
    <record>
      <header>
        <identifier>oai:alma.01SSHELCOMILLRSVL:997628824103569</identifier>
        <datestamp>2019-02-01T12:06:40Z</datestamp>
        <setSpec>EDS:Set01</setSpec>
      </header>
      <metadata>
        <record xmlns="http://www.loc.gov/MARC21/slim" xmlns:xsi="http://www.w3.org/2001/XMLSchema-instance" xsi:schemaLocation="http://www.loc.gov/MARC21/slim http://www.loc.gov/standards/marcxml/schema/MARC21slim.xsd" >
          <leader>02803cam a2200457Ii 4500</leader>
          <controlfield tag="005">20180809143132.0</controlfield>
          <controlfield tag="008">761208s1911    nyuaf  j      000 1 eng d</controlfield>
          <controlfield tag="001">997628824103569</controlfield>
          <datafield tag="019" ind1=" " ind2=" ">
            <subfield code="a">4378632</subfield>
            <subfield code="a">1014208067</subfield>
          </datafield>
          <datafield tag="035" ind1=" " ind2=" ">
            <subfield code="a">(OCoLC)2607904</subfield>
            <subfield code="z">(OCoLC)4378632</subfield>
            <subfield code="z">(OCoLC)1014208067</subfield>
          </datafield>
          <datafield tag="035" ind1=" " ind2=" ">
            <subfield code="a">(OCoLC)ocm02607904 </subfield>
          </datafield>
          <datafield tag="040" ind1=" " ind2=" ">
            <subfield code="a">PPN</subfield>
            <subfield code="b">eng</subfield>
            <subfield code="c">PPN</subfield>
            <subfield code="d">DLM</subfield>
            <subfield code="d">JNA</subfield>
            <subfield code="d">OCLCQ</subfield>
            <subfield code="d">KRTAS</subfield>
            <subfield code="d">GZD</subfield>
            <subfield code="d">OCLCA</subfield>
            <subfield code="d">OCLCF</subfield>
            <subfield code="d">OCLCQ</subfield>
            <subfield code="d">OCLCO</subfield>
            <subfield code="d">ZEM</subfield>
            <subfield code="d">CDS</subfield>
          </datafield>
          <datafield tag="050" ind1=" " ind2="4">
            <subfield code="a">PS3501.P63</subfield>
            <subfield code="b">T66 1911</subfield>
          </datafield>
          <datafield tag="100" ind1="1" ind2=" ">
            <subfield code="a">Appleton, Victor.</subfield>
          </datafield>
          <datafield tag="245" ind1="1" ind2="0">
            <subfield code="a">Tom Swift and his wireless message :</subfield>
            <subfield code="b">or, The castaways of Earthquake Island /</subfield>
            <subfield code="c">Victor Appleton.</subfield>
          </datafield>
          <datafield tag="260" ind1=" " ind2=" ">
            <subfield code="a">New York :</subfield>
            <subfield code="b">Grosset &amp; Dunlap,</subfield>
            <subfield code="c">[©1911]</subfield>
          </datafield>
          <datafield tag="300" ind1=" " ind2=" ">
            <subfield code="a">iv, 211, [8] pages :</subfield>
            <subfield code="b">plate ;</subfield>
            <subfield code="c">20 cm.</subfield>
          </datafield>
          <datafield tag="336" ind1=" " ind2=" ">
            <subfield code="a">text</subfield>
            <subfield code="b">txt</subfield>
            <subfield code="2">rdacontent</subfield>
          </datafield>
          <datafield tag="337" ind1=" " ind2=" ">
            <subfield code="a">unmediated</subfield>
            <subfield code="b">n</subfield>
            <subfield code="2">rdamedia</subfield>
          </datafield>
          <datafield tag="338" ind1=" " ind2=" ">
            <subfield code="a">volume</subfield>
            <subfield code="b">nc</subfield>
            <subfield code="2">rdacarrier</subfield>
          </datafield>
          <datafield tag="490" ind1="1" ind2=" ">
            <subfield code="a">His Tom Swift series</subfield>
          </datafield>
          <datafield tag="500" ind1=" " ind2=" ">
            <subfield code="a">Publisher's advertisements follow text.</subfield>
          </datafield>
          <datafield tag="505" ind1="0" ind2=" ">
            <subfield code="a">Ch. I. An appeal for aid -- ch. II. Miss Nestor's news -- ch. III. Tom knocks out Andy -- ch. IV. Mr. Damon will go along -- ch. V. Vol-planing to earth -- ch. VI. The new airship -- ch. VII. Making some changes -- ch. VIII. Andy Foger's revenge -- ch. IX. The Whizzer flies -- ch. X. Over the ocean -- ch. XI. A night of terror -- ch. XII. A downward glide -- ch. XIII. On Earthquake Island -- ch. XIV. A night in camp -- ch. XV. The other castaways -- ch. XVI. An alarming theory -- ch. XVII. A mighty shock -- ch. XVIII. Mr. Jenks has diamonds -- ch. XIX. Secret operations -- ch. XX. The wireless plant -- ch. XXI. Messages into space -- ch. XXII. Anxious days -- ch. XXIII. A reply in the dark -- ch. XXIV. "we are lost!" -- ch. XXV. The rescue -- Conclusion.</subfield>
          </datafield>
          <datafield tag="520" ind1=" " ind2=" ">
            <subfield code="a">Tom Swift &amp; friends decide to trial an experimental airship near the New Jersey coast, and are unexpectedly swept out to sea by hurricane winds.</subfield>
          </datafield>
          <datafield tag="650" ind1=" " ind2="0">
            <subfield code="a">Swift, Tom (Fictitious character)</subfield>
            <subfield code="v">Juvenile fiction.</subfield>
          </datafield>
          <datafield tag="650" ind1=" " ind2="0">
            <subfield code="a">Adventure stories.</subfield>
          </datafield>
          <datafield tag="650" ind1=" " ind2="0">
            <subfield code="a">Shipwreck survival</subfield>
            <subfield code="v">Juvenile fiction.</subfield>
          </datafield>
          <datafield tag="650" ind1=" " ind2="0">
            <subfield code="a">Telegraph, Wireless</subfield>
            <subfield code="v">Juvenile fiction.</subfield>
          </datafield>
          <datafield tag="650" ind1=" " ind2="7">
            <subfield code="a">Adventure stories.</subfield>
            <subfield code="2">fast</subfield>
            <subfield code="0">(OCoLC)fst00797462</subfield>
          </datafield>
          <datafield tag="650" ind1=" " ind2="7">
            <subfield code="a">Shipwreck survival.</subfield>
            <subfield code="2">fast</subfield>
            <subfield code="0">(OCoLC)fst01761960</subfield>
          </datafield>
          <datafield tag="650" ind1=" " ind2="7">
            <subfield code="a">Swift, Tom (Fictitious character)</subfield>
            <subfield code="2">fast</subfield>
            <subfield code="0">(OCoLC)fst01140316</subfield>
          </datafield>
          <datafield tag="650" ind1=" " ind2="7">
            <subfield code="a">Telegraph, Wireless.</subfield>
            <subfield code="2">fast</subfield>
            <subfield code="0">(OCoLC)fst01146180</subfield>
          </datafield>
          <datafield tag="655" ind1=" " ind2="7">
            <subfield code="a">Fiction.</subfield>
            <subfield code="2">fast</subfield>
            <subfield code="0">(OCoLC)fst01423787</subfield>
          </datafield>
          <datafield tag="655" ind1=" " ind2="7">
            <subfield code="a">Juvenile works.</subfield>
            <subfield code="2">fast</subfield>
            <subfield code="0">(OCoLC)fst01411637</subfield>
          </datafield>
          <datafield tag="740" ind1="0" ind2=" ">
            <subfield code="a">Castaways of Earthquake Island.</subfield>
          </datafield>
          <datafield tag="776" ind1="0" ind2="8">
            <subfield code="i">Online version:</subfield>
            <subfield code="a">Appleton, Victor.</subfield>
            <subfield code="t">Tom Swift and his wireless message.</subfield>
            <subfield code="d">New York : Grosset &amp; Dunlap, [©1911]</subfield>
            <subfield code="w">(OCoLC)647397816</subfield>
          </datafield>
          <datafield tag="800" ind1="1" ind2=" ">
            <subfield code="a">Appleton, Victor.</subfield>
            <subfield code="t">Tom Swift series.</subfield>
          </datafield>
          <datafield tag="938" ind1=" " ind2=" ">
            <subfield code="a">Kirtas Technologies, Inc.</subfield>
            <subfield code="b">KRTS</subfield>
            <subfield code="n">767930</subfield>
          </datafield>
          <datafield tag="948" ind1=" " ind2=" ">
            <subfield code="h">HELD BY MVS - 87 OTHER HOLDINGS</subfield>
          </datafield>
          <datafield tag="949" ind1=" " ind2=" ">
            <subfield code="i">AUTHORITY</subfield>
          </datafield>
          <datafield tag="994" ind1=" " ind2=" ">
            <subfield code="a">Z0</subfield>
            <subfield code="b">MVS</subfield>
          </datafield>
          <datafield tag="900" ind1="0" ind2=" ">
            <subfield code="b">MILL</subfield>
            <subfield code="c">SC</subfield>
            <subfield code="h">PZ7.A652x</subfield>
            <subfield code="i">Towa 1911</subfield>
            <subfield code="8">2235948180003569</subfield>
          </datafield>
        </record>
      </metadata>
    </record>