
    <record>
      <header>
        <identifier>oai:alma.01SSHELCOMILLRSVL:997644522003569</identifier>
        <datestamp>2019-02-01T12:06:40Z</datestamp>
        <setSpec>EDS:Set01</setSpec>
      </header>
      <metadata>
        <record xmlns="http://www.loc.gov/MARC21/slim" xmlns:xsi="http://www.w3.org/2001/XMLSchema-instance" xsi:schemaLocation="http://www.loc.gov/MARC21/slim http://www.loc.gov/standards/marcxml/schema/MARC21slim.xsd" >
          <leader>02793cam a22006138i 4500</leader>
          <controlfield tag="005">20190128105621.0</controlfield>
          <controlfield tag="008">160620t20172017miua   b      000 0 eng  </controlfield>
          <controlfield tag="001">997644522003569</controlfield>
          <datafield tag="010" ind1=" " ind2=" ">
            <subfield code="a">  2016007685</subfield>
          </datafield>
          <datafield tag="019" ind1=" " ind2=" ">
            <subfield code="a">964928524</subfield>
            <subfield code="a">967855540</subfield>
          </datafield>
          <datafield tag="020" ind1=" " ind2=" ">
            <subfield code="a">9781585369782</subfield>
            <subfield code="q">(hardcover)</subfield>
          </datafield>
          <datafield tag="020" ind1=" " ind2=" ">
            <subfield code="a">1585369780</subfield>
            <subfield code="q">(hardcover)</subfield>
          </datafield>
          <datafield tag="029" ind1="1" ind2=" ">
            <subfield code="a">AU@</subfield>
            <subfield code="b">000057861833</subfield>
          </datafield>
          <datafield tag="035" ind1=" " ind2=" ">
            <subfield code="a">(OCoLC)939426335</subfield>
            <subfield code="z">(OCoLC)964928524</subfield>
            <subfield code="z">(OCoLC)967855540</subfield>
          </datafield>
          <datafield tag="035" ind1=" " ind2=" ">
            <subfield code="a">(OCoLC)ocn939426335</subfield>
          </datafield>
          <datafield tag="040" ind1=" " ind2=" ">
            <subfield code="a">DLC</subfield>
            <subfield code="b">eng</subfield>
            <subfield code="e">rda</subfield>
            <subfield code="c">DLC</subfield>
            <subfield code="d">YDXCP</subfield>
            <subfield code="d">BDX</subfield>
            <subfield code="d">BTCTA</subfield>
            <subfield code="d">OCLCO</subfield>
            <subfield code="d">OCLCF</subfield>
            <subfield code="d">OCLCO</subfield>
            <subfield code="d">OCLCQ</subfield>
            <subfield code="d">SINLB</subfield>
            <subfield code="d">OCLCO</subfield>
            <subfield code="d">JAI</subfield>
            <subfield code="d">IHX</subfield>
            <subfield code="d">GKX</subfield>
            <subfield code="d">VTL</subfield>
            <subfield code="d">KVIJL</subfield>
            <subfield code="d">DYJ</subfield>
            <subfield code="d">OCL</subfield>
            <subfield code="d">ZAC</subfield>
            <subfield code="d">IGA</subfield>
            <subfield code="d">RV8</subfield>
            <subfield code="d">NDS</subfield>
            <subfield code="d">TXNES</subfield>
            <subfield code="d">B@L</subfield>
            <subfield code="d">TXLBH</subfield>
            <subfield code="d">NGP</subfield>
            <subfield code="d">OCL</subfield>
            <subfield code="d">CCP</subfield>
            <subfield code="d">VP@</subfield>
            <subfield code="d">TU7</subfield>
            <subfield code="d">CNEDM</subfield>
            <subfield code="d">OCLCQ</subfield>
            <subfield code="d">TXAPL</subfield>
            <subfield code="d">OCLCQ</subfield>
            <subfield code="d">MVS</subfield>
          </datafield>
          <datafield tag="042" ind1=" " ind2=" ">
            <subfield code="a">pcc</subfield>
          </datafield>
          <datafield tag="043" ind1=" " ind2=" ">
            <subfield code="a">a-cc---</subfield>
            <subfield code="a">n-us---</subfield>
          </datafield>
          <datafield tag="049" ind1=" " ind2=" ">
            <subfield code="a">MVSS</subfield>
          </datafield>
          <datafield tag="050" ind1="0" ind2="0">
            <subfield code="a">GT4905</subfield>
            <subfield code="b">.L57 2017</subfield>
          </datafield>
          <datafield tag="082" ind1="0" ind2="0">
            <subfield code="a">394.261</subfield>
            <subfield code="2">23</subfield>
          </datafield>
          <datafield tag="100" ind1="1" ind2=" ">
            <subfield code="a">Loh-Hagan, Virginia,</subfield>
            <subfield code="e">author.</subfield>
          </datafield>
          <datafield tag="245" ind1="1" ind2="0">
            <subfield code="a">PoPo's lucky Chinese New Year /</subfield>
            <subfield code="c">written by Virginia Loh-Hagan ; illustrated by Renné Benoit.</subfield>
          </datafield>
          <datafield tag="264" ind1=" " ind2="1">
            <subfield code="a">Ann Arbor, MI :</subfield>
            <subfield code="b">Sleeping Bear Press,</subfield>
            <subfield code="c">[2017]</subfield>
          </datafield>
          <datafield tag="264" ind1=" " ind2="4">
            <subfield code="c">©2017</subfield>
          </datafield>
          <datafield tag="300" ind1=" " ind2=" ">
            <subfield code="a">26 unnumbered pages :</subfield>
            <subfield code="b">color illustrations ;</subfield>
            <subfield code="c">24 x 29 cm</subfield>
          </datafield>
          <datafield tag="336" ind1=" " ind2=" ">
            <subfield code="a">text</subfield>
            <subfield code="b">txt</subfield>
            <subfield code="2">rdacontent</subfield>
          </datafield>
          <datafield tag="336" ind1=" " ind2=" ">
            <subfield code="a">still image</subfield>
            <subfield code="b">sti</subfield>
            <subfield code="2">rdacontent</subfield>
          </datafield>
          <datafield tag="337" ind1=" " ind2=" ">
            <subfield code="a">unmediated</subfield>
            <subfield code="b">n</subfield>
            <subfield code="2">rdamedia</subfield>
          </datafield>
          <datafield tag="338" ind1=" " ind2=" ">
            <subfield code="a">volume</subfield>
            <subfield code="b">nc</subfield>
            <subfield code="2">rdacarrier</subfield>
          </datafield>
          <datafield tag="520" ind1=" " ind2=" ">
            <subfield code="a">When her Chinese grandmother comes to visit, a young Chinese-American girl learns of and participates in the customs and beliefs celebrating an authentic Chinese New Year.</subfield>
          </datafield>
          <datafield tag="521" ind1="1" ind2=" ">
            <subfield code="a">Ages 6-10.</subfield>
          </datafield>
          <datafield tag="650" ind1=" " ind2="0">
            <subfield code="a">Chinese New Year</subfield>
            <subfield code="v">Juvenile literature.</subfield>
          </datafield>
          <datafield tag="650" ind1=" " ind2="0">
            <subfield code="a">Chinese American children</subfield>
            <subfield code="v">Juvenile literature.</subfield>
          </datafield>
          <datafield tag="650" ind1=" " ind2="0">
            <subfield code="a">Grandparent and child</subfield>
            <subfield code="v">Juvenile literature.</subfield>
          </datafield>
          <datafield tag="650" ind1=" " ind2="0">
            <subfield code="a">Grandmothers</subfield>
            <subfield code="v">Juvenile literature.</subfield>
          </datafield>
          <datafield tag="651" ind1=" " ind2="0">
            <subfield code="a">China</subfield>
            <subfield code="x">Social life and customs</subfield>
            <subfield code="v">Juvenile literature.</subfield>
          </datafield>
          <datafield tag="651" ind1=" " ind2="0">
            <subfield code="a">United States</subfield>
            <subfield code="x">Social life and customs</subfield>
            <subfield code="v">Juvenile literature.</subfield>
          </datafield>
          <datafield tag="650" ind1=" " ind2="7">
            <subfield code="a">Chinese American children.</subfield>
            <subfield code="2">fast</subfield>
            <subfield code="0">(OCoLC)fst00857227</subfield>
          </datafield>
          <datafield tag="650" ind1=" " ind2="7">
            <subfield code="a">Chinese New Year.</subfield>
            <subfield code="2">fast</subfield>
            <subfield code="0">(OCoLC)fst00857290</subfield>
          </datafield>
          <datafield tag="650" ind1=" " ind2="7">
            <subfield code="a">Grandmothers.</subfield>
            <subfield code="2">fast</subfield>
            <subfield code="0">(OCoLC)fst00946353</subfield>
          </datafield>
          <datafield tag="650" ind1=" " ind2="7">
            <subfield code="a">Grandparent and child.</subfield>
            <subfield code="2">fast</subfield>
            <subfield code="0">(OCoLC)fst00946360</subfield>
          </datafield>
          <datafield tag="650" ind1=" " ind2="7">
            <subfield code="a">Manners and customs.</subfield>
            <subfield code="2">fast</subfield>
            <subfield code="0">(OCoLC)fst01007815</subfield>
          </datafield>
          <datafield tag="651" ind1=" " ind2="7">
            <subfield code="a">China.</subfield>
            <subfield code="2">fast</subfield>
            <subfield code="0">(OCoLC)fst01206073</subfield>
          </datafield>
          <datafield tag="651" ind1=" " ind2="7">
            <subfield code="a">United States.</subfield>
            <subfield code="2">fast</subfield>
            <subfield code="0">(OCoLC)fst01204155</subfield>
          </datafield>
          <datafield tag="655" ind1=" " ind2="7">
            <subfield code="a">Juvenile works.</subfield>
            <subfield code="2">fast</subfield>
            <subfield code="0">(OCoLC)fst01411637</subfield>
          </datafield>
          <datafield tag="655" ind1=" " ind2="7">
            <subfield code="a">Picture books.</subfield>
            <subfield code="2">fast</subfield>
            <subfield code="0">(OCoLC)fst01726789</subfield>
          </datafield>
          <datafield tag="700" ind1="1" ind2=" ">
            <subfield code="a">Benoit, Renné,</subfield>
            <subfield code="e">illustrator.</subfield>
          </datafield>
          <datafield tag="880" ind1=" " ind2=" ">
            <subfield code="6">947-00</subfield>
            <subfield code="a">JE Holiday�Loh-Hagan�Chinese New Year</subfield>
            <subfield code="f">J000 HOLIDAY</subfield>
            <subfield code="h">HDS_BKNJ</subfield>
            <subfield code="i">9781585369782</subfield>
            <subfield code="n">120717_J000</subfield>
            <subfield code="p">11.04</subfield>
            <subfield code="q">1</subfield>
          </datafield>
          <datafield tag="938" ind1=" " ind2=" ">
            <subfield code="a">Brodart</subfield>
            <subfield code="b">BROD</subfield>
            <subfield code="n">114869073</subfield>
          </datafield>
          <datafield tag="938" ind1=" " ind2=" ">
            <subfield code="a">Baker and Taylor</subfield>
            <subfield code="b">BTCP</subfield>
            <subfield code="n">BK0018390409</subfield>
          </datafield>
          <datafield tag="938" ind1=" " ind2=" ">
            <subfield code="a">YBP Library Services</subfield>
            <subfield code="b">YANK</subfield>
            <subfield code="n">12843876</subfield>
          </datafield>
          <datafield tag="949" ind1=" " ind2=" ">
            <subfield code="b">33151009178874</subfield>
          </datafield>
          <datafield tag="994" ind1=" " ind2=" ">
            <subfield code="a">C0</subfield>
            <subfield code="b">MVS</subfield>
          </datafield>
          <datafield tag="900" ind1="0" ind2=" ">
            <subfield code="b">MILL</subfield>
            <subfield code="c">J</subfield>
            <subfield code="h">GT4905</subfield>
            <subfield code="i">.L57 2017</subfield>
            <subfield code="8">2237556670003569</subfield>
          </datafield>
        </record>
      </metadata>
    </record>