
    <record>
      <header>
        <identifier>oai:alma.01SSHELCOMILLRSVL:997626721203569</identifier>
        <datestamp>2019-02-01T12:06:40Z</datestamp>
        <setSpec>EDS:Set01</setSpec>
      </header>
      <metadata>
        <record xmlns="http://www.loc.gov/MARC21/slim" xmlns:xsi="http://www.w3.org/2001/XMLSchema-instance" xsi:schemaLocation="http://www.loc.gov/MARC21/slim http://www.loc.gov/standards/marcxml/schema/MARC21slim.xsd" >
          <leader>02966cam  22006258i 4500</leader>
          <controlfield tag="005">20180821112523.0</controlfield>
          <controlfield tag="008">160601t20162016nyua   j      000 1 eng c</controlfield>
          <controlfield tag="001">997626721203569</controlfield>
          <datafield tag="010" ind1=" " ind2=" ">
            <subfield code="a">  2016022918</subfield>
          </datafield>
          <datafield tag="019" ind1=" " ind2=" ">
            <subfield code="a">956966658</subfield>
            <subfield code="a">1035769285</subfield>
          </datafield>
          <datafield tag="020" ind1=" " ind2=" ">
            <subfield code="a">9780545925501</subfield>
            <subfield code="q">(hardcover)</subfield>
          </datafield>
          <datafield tag="020" ind1=" " ind2=" ">
            <subfield code="a">0545925509</subfield>
            <subfield code="q">(hardcover)</subfield>
          </datafield>
          <datafield tag="020" ind1=" " ind2=" ">
            <subfield code="a">9781338091274</subfield>
            <subfield code="q">(library binding)</subfield>
          </datafield>
          <datafield tag="020" ind1=" " ind2=" ">
            <subfield code="a">1338091271</subfield>
            <subfield code="q">(library binding)</subfield>
          </datafield>
          <datafield tag="035" ind1=" " ind2=" ">
            <subfield code="a">(OCoLC)936350558</subfield>
            <subfield code="z">(OCoLC)956966658</subfield>
            <subfield code="z">(OCoLC)1035769285</subfield>
          </datafield>
          <datafield tag="035" ind1=" " ind2=" ">
            <subfield code="a">(OCoLC)ocn936350558</subfield>
          </datafield>
          <datafield tag="037" ind1=" " ind2=" ">
            <subfield code="b">Scholastic, Po Box 7502, Jefferson City, MO, USA, 65102</subfield>
            <subfield code="n">SAN 860-0023</subfield>
          </datafield>
          <datafield tag="040" ind1=" " ind2=" ">
            <subfield code="a">NJQ/DLC</subfield>
            <subfield code="b">eng</subfield>
            <subfield code="e">rda</subfield>
            <subfield code="c">ZQP</subfield>
            <subfield code="d">DLC</subfield>
            <subfield code="d">BTCTA</subfield>
            <subfield code="d">YDXCP</subfield>
            <subfield code="d">BDX</subfield>
            <subfield code="d">OCLCO</subfield>
            <subfield code="d">OCLCF</subfield>
            <subfield code="d">OCLCO</subfield>
            <subfield code="d">OCLCQ</subfield>
            <subfield code="d">OCLCO</subfield>
            <subfield code="d">SINLB</subfield>
            <subfield code="d">OCLCO</subfield>
            <subfield code="d">NYP</subfield>
            <subfield code="d">OCLCO</subfield>
            <subfield code="d">OI6</subfield>
            <subfield code="d">VP@</subfield>
            <subfield code="d">IGA</subfield>
            <subfield code="d">NZLPP</subfield>
            <subfield code="d">YT5</subfield>
            <subfield code="d">MULAP</subfield>
            <subfield code="d">OCLCO</subfield>
            <subfield code="d">TXSME</subfield>
            <subfield code="d">OCLCO</subfield>
            <subfield code="d">EHH</subfield>
            <subfield code="d">WYZ</subfield>
            <subfield code="d">CHILD</subfield>
            <subfield code="d">OCLCQ</subfield>
            <subfield code="d">AUPTL</subfield>
            <subfield code="d">T7A</subfield>
            <subfield code="d">P@N</subfield>
            <subfield code="d">BENPL</subfield>
            <subfield code="d">ILM</subfield>
            <subfield code="d">AHS</subfield>
            <subfield code="d">KC#</subfield>
            <subfield code="d">MVS</subfield>
          </datafield>
          <datafield tag="042" ind1=" " ind2=" ">
            <subfield code="a">lcac</subfield>
            <subfield code="a">pcc</subfield>
          </datafield>
          <datafield tag="049" ind1=" " ind2=" ">
            <subfield code="a">MVSS</subfield>
          </datafield>
          <datafield tag="050" ind1="0" ind2="0">
            <subfield code="a">PZ7.P7493</subfield>
            <subfield code="b">Gat 2016</subfield>
          </datafield>
          <datafield tag="082" ind1="0" ind2="0">
            <subfield code="a">[Fic]</subfield>
            <subfield code="2">23</subfield>
          </datafield>
          <datafield tag="100" ind1="1" ind2=" ">
            <subfield code="a">Poblocki, Dan,</subfield>
            <subfield code="e">author.</subfield>
          </datafield>
          <datafield tag="245" ind1="1" ind2="4">
            <subfield code="a">The gathering /</subfield>
            <subfield code="c">Dan Poblocki.</subfield>
          </datafield>
          <datafield tag="250" ind1=" " ind2=" ">
            <subfield code="a">First edition.</subfield>
          </datafield>
          <datafield tag="264" ind1=" " ind2="1">
            <subfield code="a">New York, NY :</subfield>
            <subfield code="b">Scholastic Inc.,</subfield>
            <subfield code="c">2016.</subfield>
          </datafield>
          <datafield tag="264" ind1=" " ind2="4">
            <subfield code="c">©2016</subfield>
          </datafield>
          <datafield tag="300" ind1=" " ind2=" ">
            <subfield code="a">215 pages :</subfield>
            <subfield code="b">illustrations ;</subfield>
            <subfield code="c">22 cm.</subfield>
          </datafield>
          <datafield tag="336" ind1=" " ind2=" ">
            <subfield code="a">text</subfield>
            <subfield code="b">txt</subfield>
            <subfield code="2">rdacontent</subfield>
          </datafield>
          <datafield tag="336" ind1=" " ind2=" ">
            <subfield code="a">still image</subfield>
            <subfield code="b">sti</subfield>
            <subfield code="2">rdacontent</subfield>
          </datafield>
          <datafield tag="337" ind1=" " ind2=" ">
            <subfield code="a">unmediated</subfield>
            <subfield code="b">n</subfield>
            <subfield code="2">rdamedia</subfield>
          </datafield>
          <datafield tag="338" ind1=" " ind2=" ">
            <subfield code="a">volume</subfield>
            <subfield code="b">nc</subfield>
            <subfield code="2">rdacarrier</subfield>
          </datafield>
          <datafield tag="490" ind1="1" ind2=" ">
            <subfield code="a">Shadow house ;</subfield>
            <subfield code="v">bk. 1</subfield>
          </datafield>
          <datafield tag="520" ind1=" " ind2=" ">
            <subfield code="a">Poppy Caldwell is an orphan who keeps seeing a figure standing behind her in the mirror at the group home where she lives, but she does not associate this ghost with the letter that mysteriously appears in her file, claiming to be from a long-lost aunt, and inviting her to Larkspur House--and she is just one of five children who find themselves gathered in this strange house with a deadly past, and apparently no intention of letting the children escape.</subfield>
          </datafield>
          <datafield tag="526" ind1="0" ind2=" ">
            <subfield code="a">Accelerated Reader AR</subfield>
            <subfield code="b">MG</subfield>
            <subfield code="c">5.1</subfield>
            <subfield code="d">6.0.</subfield>
          </datafield>
          <datafield tag="650" ind1=" " ind2="0">
            <subfield code="a">Haunted houses</subfield>
            <subfield code="v">Juvenile fiction.</subfield>
          </datafield>
          <datafield tag="650" ind1=" " ind2="0">
            <subfield code="a">Orphans</subfield>
            <subfield code="v">Juvenile fiction.</subfield>
          </datafield>
          <datafield tag="650" ind1=" " ind2="0">
            <subfield code="a">Escapes</subfield>
            <subfield code="v">Juvenile fiction.</subfield>
          </datafield>
          <datafield tag="650" ind1=" " ind2="0">
            <subfield code="a">Horror tales.</subfield>
          </datafield>
          <datafield tag="650" ind1=" " ind2="7">
            <subfield code="a">Escapes.</subfield>
            <subfield code="2">fast</subfield>
            <subfield code="0">(OCoLC)fst00915129</subfield>
          </datafield>
          <datafield tag="650" ind1=" " ind2="7">
            <subfield code="a">Haunted houses.</subfield>
            <subfield code="2">fast</subfield>
            <subfield code="0">(OCoLC)fst00951928</subfield>
          </datafield>
          <datafield tag="650" ind1=" " ind2="7">
            <subfield code="a">Horror tales.</subfield>
            <subfield code="2">fast</subfield>
            <subfield code="0">(OCoLC)fst00960387</subfield>
          </datafield>
          <datafield tag="650" ind1=" " ind2="7">
            <subfield code="a">Orphans.</subfield>
            <subfield code="2">fast</subfield>
            <subfield code="0">(OCoLC)fst01048433</subfield>
          </datafield>
          <datafield tag="655" ind1=" " ind2="7">
            <subfield code="a">Fiction.</subfield>
            <subfield code="2">fast</subfield>
            <subfield code="0">(OCoLC)fst01423787</subfield>
          </datafield>
          <datafield tag="655" ind1=" " ind2="7">
            <subfield code="a">Horror fiction.</subfield>
            <subfield code="2">fast</subfield>
            <subfield code="0">(OCoLC)fst01921684</subfield>
          </datafield>
          <datafield tag="655" ind1=" " ind2="7">
            <subfield code="a">Juvenile works.</subfield>
            <subfield code="2">fast</subfield>
            <subfield code="0">(OCoLC)fst01411637</subfield>
          </datafield>
          <datafield tag="776" ind1="0" ind2="8">
            <subfield code="i">Online version:</subfield>
            <subfield code="a">Poblocki, Dan.</subfield>
            <subfield code="t">Gathering.</subfield>
            <subfield code="b">First edition.</subfield>
            <subfield code="d">New York, NY : Scholastic Inc., 2016</subfield>
            <subfield code="z">9780545925754</subfield>
            <subfield code="w">(DLC)  2016025697</subfield>
          </datafield>
          <datafield tag="800" ind1="1" ind2=" ">
            <subfield code="a">Poblocki, Dan.</subfield>
            <subfield code="t">Shadow House ;</subfield>
            <subfield code="v">bk. 1.</subfield>
          </datafield>
          <datafield tag="938" ind1=" " ind2=" ">
            <subfield code="a">Brodart</subfield>
            <subfield code="b">BROD</subfield>
            <subfield code="n">114852391</subfield>
          </datafield>
          <datafield tag="938" ind1=" " ind2=" ">
            <subfield code="a">Baker and Taylor</subfield>
            <subfield code="b">BTCP</subfield>
            <subfield code="n">BK0018385697</subfield>
          </datafield>
          <datafield tag="938" ind1=" " ind2=" ">
            <subfield code="a">Children's Plus, Inc.</subfield>
            <subfield code="b">CHIL</subfield>
            <subfield code="n">1975781</subfield>
          </datafield>
          <datafield tag="938" ind1=" " ind2=" ">
            <subfield code="a">YBP Library Services</subfield>
            <subfield code="b">YANK</subfield>
            <subfield code="n">12843993</subfield>
          </datafield>
          <datafield tag="938" ind1=" " ind2=" ">
            <subfield code="a">YBP Library Services</subfield>
            <subfield code="b">YANK</subfield>
            <subfield code="n">12823883</subfield>
          </datafield>
          <datafield tag="949" ind1=" " ind2=" ">
            <subfield code="3">3151009175425</subfield>
          </datafield>
          <datafield tag="994" ind1=" " ind2=" ">
            <subfield code="a">C0</subfield>
            <subfield code="b">MVS</subfield>
          </datafield>
          <datafield tag="900" ind1="0" ind2=" ">
            <subfield code="b">MILL</subfield>
            <subfield code="c">J</subfield>
            <subfield code="h">PZ7.P7493</subfield>
            <subfield code="i">Gat 2016</subfield>
            <subfield code="8">2235607620003569</subfield>
          </datafield>
        </record>
      </metadata>
    </record>