
    <record>
      <header>
        <identifier>oai:alma.01SSHELCOMILLRSVL:997631024803569</identifier>
        <datestamp>2019-02-01T12:06:40Z</datestamp>
        <setSpec>EDS:Set01</setSpec>
      </header>
      <metadata>
        <record xmlns="http://www.loc.gov/MARC21/slim" xmlns:xsi="http://www.w3.org/2001/XMLSchema-instance" xsi:schemaLocation="http://www.loc.gov/MARC21/slim http://www.loc.gov/standards/marcxml/schema/MARC21slim.xsd" >
          <leader>04750cam a22005894a 4500</leader>
          <controlfield tag="005">20181011180004.0</controlfield>
          <controlfield tag="008">030325s2003    vaua     b    001 0 eng  </controlfield>
          <controlfield tag="001">997631024803569</controlfield>
          <datafield tag="010" ind1=" " ind2=" ">
            <subfield code="a">  2003007080</subfield>
          </datafield>
          <datafield tag="019" ind1=" " ind2=" ">
            <subfield code="a">926787426</subfield>
          </datafield>
          <datafield tag="020" ind1=" " ind2=" ">
            <subfield code="a">0871207788</subfield>
            <subfield code="q">(alk. paper)</subfield>
          </datafield>
          <datafield tag="020" ind1=" " ind2=" ">
            <subfield code="a">9780871207784</subfield>
            <subfield code="q">(alk. paper)</subfield>
          </datafield>
          <datafield tag="029" ind1="1" ind2=" ">
            <subfield code="a">AU@</subfield>
            <subfield code="b">000024529325</subfield>
          </datafield>
          <datafield tag="029" ind1="1" ind2=" ">
            <subfield code="a">AU@</subfield>
            <subfield code="b">000055247266</subfield>
          </datafield>
          <datafield tag="029" ind1="1" ind2=" ">
            <subfield code="a">AU@</subfield>
            <subfield code="b">000055670690</subfield>
          </datafield>
          <datafield tag="029" ind1="1" ind2=" ">
            <subfield code="a">DEBBG</subfield>
            <subfield code="b">BV017059002</subfield>
          </datafield>
          <datafield tag="029" ind1="1" ind2=" ">
            <subfield code="a">IG#</subfield>
            <subfield code="b">9780871207784</subfield>
          </datafield>
          <datafield tag="029" ind1="1" ind2=" ">
            <subfield code="a">NZ1</subfield>
            <subfield code="b">7609325</subfield>
          </datafield>
          <datafield tag="035" ind1=" " ind2=" ">
            <subfield code="a">(OCoLC)51937142</subfield>
            <subfield code="z">(OCoLC)926787426</subfield>
          </datafield>
          <datafield tag="035" ind1=" " ind2=" ">
            <subfield code="a">(OCoLC)ocm51937142 </subfield>
          </datafield>
          <datafield tag="040" ind1=" " ind2=" ">
            <subfield code="a">DLC</subfield>
            <subfield code="b">eng</subfield>
            <subfield code="c">DLC</subfield>
            <subfield code="d">GZI</subfield>
            <subfield code="d">BAKER</subfield>
            <subfield code="d">BTCTA</subfield>
            <subfield code="d">UQ1</subfield>
            <subfield code="d">YDXCP</subfield>
            <subfield code="d">IG#</subfield>
            <subfield code="d">DEBBG</subfield>
            <subfield code="d">NIE</subfield>
            <subfield code="d">FYM</subfield>
            <subfield code="d">OCLCF</subfield>
            <subfield code="d">AU@</subfield>
            <subfield code="d">OCLCO</subfield>
            <subfield code="d">OCLCA</subfield>
            <subfield code="d">OCLCQ</subfield>
            <subfield code="d">OCLCA</subfield>
            <subfield code="d">XBE</subfield>
            <subfield code="d">LWA</subfield>
            <subfield code="d">OCLCQ</subfield>
            <subfield code="d">MVS</subfield>
          </datafield>
          <datafield tag="042" ind1=" " ind2=" ">
            <subfield code="a">pcc</subfield>
          </datafield>
          <datafield tag="043" ind1=" " ind2=" ">
            <subfield code="a">n-us---</subfield>
          </datafield>
          <datafield tag="049" ind1=" " ind2=" ">
            <subfield code="a">MVSS</subfield>
          </datafield>
          <datafield tag="050" ind1="0" ind2="0">
            <subfield code="a">LB2805</subfield>
            <subfield code="b">.L28 2003</subfield>
          </datafield>
          <datafield tag="082" ind1="0" ind2="0">
            <subfield code="a">371.2</subfield>
            <subfield code="2">21</subfield>
          </datafield>
          <datafield tag="084" ind1=" " ind2=" ">
            <subfield code="a">DK 1042</subfield>
            <subfield code="2">rvk</subfield>
          </datafield>
          <datafield tag="084" ind1=" " ind2=" ">
            <subfield code="a">5,3</subfield>
            <subfield code="2">ssgn</subfield>
          </datafield>
          <datafield tag="100" ind1="1" ind2=" ">
            <subfield code="a">Lambert, Linda,</subfield>
            <subfield code="d">1939-</subfield>
          </datafield>
          <datafield tag="245" ind1="1" ind2="0">
            <subfield code="a">Leadership capacity for lasting school improvement /</subfield>
            <subfield code="c">Linda Lambert.</subfield>
          </datafield>
          <datafield tag="260" ind1=" " ind2=" ">
            <subfield code="a">Alexandria, Va. :</subfield>
            <subfield code="b">Association for Supervision and Curriculum Development,</subfield>
            <subfield code="c">©2003.</subfield>
          </datafield>
          <datafield tag="300" ind1=" " ind2=" ">
            <subfield code="a">xi, 128 pages :</subfield>
            <subfield code="b">illustrations ;</subfield>
            <subfield code="c">26 cm</subfield>
          </datafield>
          <datafield tag="336" ind1=" " ind2=" ">
            <subfield code="a">text</subfield>
            <subfield code="b">txt</subfield>
            <subfield code="2">rdacontent</subfield>
          </datafield>
          <datafield tag="337" ind1=" " ind2=" ">
            <subfield code="a">unmediated</subfield>
            <subfield code="b">n</subfield>
            <subfield code="2">rdamedia</subfield>
          </datafield>
          <datafield tag="338" ind1=" " ind2=" ">
            <subfield code="a">volume</subfield>
            <subfield code="b">nc</subfield>
            <subfield code="2">rdacarrier</subfield>
          </datafield>
          <datafield tag="504" ind1=" " ind2=" ">
            <subfield code="a">Includes bibliographical references (pages 120-122) and index.</subfield>
          </datafield>
          <datafield tag="505" ind1="0" ind2=" ">
            <subfield code="a">Deepening the concept -- Major participation patterns -- The professional development of leaders -- Teachers as leaders: the heart of the high leadership capacity school -- The changing role of the principal -- Student learning and leading -- Parents as leaders -- Time for leadership -- District leadership -- Sustaining leadership capacity -- Appendix A : Leadership capacity strategies -- Appendix B : Rubric of emerging teacher leadership -- Appendix C : Continuum of emerging teacher leadership -- Appendix D : Leadership capacity staff survey -- Appendix E : Leadership capacity school survey -- Appendix F : Problem resolution policy for the Saratoga Union School District -- Appendix G : How principals build leadership capacity in others.</subfield>
          </datafield>
          <datafield tag="520" ind1=" " ind2=" ">
            <subfield code="a">Annotation. Since the publication of Building Leadership Capacity in Schools in 1998, educators around the world have used Linda Lambert's ideas to strengthen their own institutions. Lambert subsequently visited some of these schools to see how her book had affected them. Though all the educators she spoke with agreed on the importance of high leadership capacity, they also had many questions about how best to achieve this goal. Leadership Capacity for Lasting School Improvement is the author s attempt to answer those questions. Lambert begins this book by outlining the conditions necessary for high leadership capacity, followed by a comprehensive overview of steps schools should take to meet these criteria. According to the author, the five major prerequisites for high leadership capacity are: Skillful participation in the work of leadership Inquiry-based use of data to inform decisions and practice Broad involvement and collective responsibility for student learning Reflective practice that leads to innovation High or steadily improving student achievement In discussing each of these items, Lambert quotes at length from her conversations with educators worldwide, offering real-life examples of leadership enhancement techniques in practice. The book is also filled with questions and activities for the reader, a rubric and continuum of emerging teacher leadership, staff and school surveys, and a district problem-solving policy--making it ideal for novice and veteran educators alike. Linda Lambert is founder of and professor emeritus at the Center for Educational Leadership at California State University, Hayward. She is coauthor of The Constructivist Leader (1995) and Who Will Save Our Schools: Teachers as Constructivist Leaders (1997) and author of Building Leadership Capacity in Schools (1998).</subfield>
          </datafield>
          <datafield tag="546" ind1=" " ind2=" ">
            <subfield code="a">In English.</subfield>
          </datafield>
          <datafield tag="650" ind1=" " ind2="0">
            <subfield code="a">Educational leadership</subfield>
            <subfield code="z">United States.</subfield>
          </datafield>
          <datafield tag="650" ind1=" " ind2="0">
            <subfield code="a">Teacher participation in administration</subfield>
            <subfield code="z">United States.</subfield>
          </datafield>
          <datafield tag="650" ind1=" " ind2="0">
            <subfield code="a">School improvement programs</subfield>
            <subfield code="z">United States.</subfield>
          </datafield>
          <datafield tag="650" ind1=" " ind2="7">
            <subfield code="a">Educational leadership.</subfield>
            <subfield code="2">fast</subfield>
            <subfield code="0">(OCoLC)fst00903527</subfield>
          </datafield>
          <datafield tag="650" ind1=" " ind2="7">
            <subfield code="a">School improvement programs.</subfield>
            <subfield code="2">fast</subfield>
            <subfield code="0">(OCoLC)fst01107461</subfield>
          </datafield>
          <datafield tag="650" ind1=" " ind2="7">
            <subfield code="a">Teacher participation in administration.</subfield>
            <subfield code="2">fast</subfield>
            <subfield code="0">(OCoLC)fst01144218</subfield>
          </datafield>
          <datafield tag="651" ind1=" " ind2="7">
            <subfield code="a">United States.</subfield>
            <subfield code="2">fast</subfield>
            <subfield code="0">(OCoLC)fst01204155</subfield>
          </datafield>
          <datafield tag="938" ind1=" " ind2=" ">
            <subfield code="a">Baker &amp; Taylor</subfield>
            <subfield code="b">BKTY</subfield>
            <subfield code="c">23.95</subfield>
            <subfield code="d">28.90</subfield>
            <subfield code="i">0871207788</subfield>
            <subfield code="n">0004196568</subfield>
            <subfield code="s">active</subfield>
          </datafield>
          <datafield tag="938" ind1=" " ind2=" ">
            <subfield code="a">Baker and Taylor</subfield>
            <subfield code="b">BTCP</subfield>
            <subfield code="n">2003007080</subfield>
          </datafield>
          <datafield tag="938" ind1=" " ind2=" ">
            <subfield code="a">Ingram</subfield>
            <subfield code="b">INGR</subfield>
            <subfield code="n">9780871207784</subfield>
          </datafield>
          <datafield tag="938" ind1=" " ind2=" ">
            <subfield code="a">YBP Library Services</subfield>
            <subfield code="b">YANK</subfield>
            <subfield code="n">2004082</subfield>
          </datafield>
          <datafield tag="949" ind1=" " ind2=" ">
            <subfield code="b">33151009166424</subfield>
          </datafield>
          <datafield tag="994" ind1=" " ind2=" ">
            <subfield code="a">C0</subfield>
            <subfield code="b">MVS</subfield>
          </datafield>
          <datafield tag="900" ind1="0" ind2=" ">
            <subfield code="b">MILL</subfield>
            <subfield code="c">B</subfield>
            <subfield code="h">LB2805</subfield>
            <subfield code="i">.L28 2003</subfield>
            <subfield code="8">2236037820003569</subfield>
          </datafield>
        </record>
      </metadata>
    </record>