
    <record>
      <header>
        <identifier>oai:alma.01SSHELCOMILLRSVL:997636925503569</identifier>
        <datestamp>2019-02-01T12:06:40Z</datestamp>
        <setSpec>EDS:Set01</setSpec>
      </header>
      <metadata>
        <record xmlns="http://www.loc.gov/MARC21/slim" xmlns:xsi="http://www.w3.org/2001/XMLSchema-instance" xsi:schemaLocation="http://www.loc.gov/MARC21/slim http://www.loc.gov/standards/marcxml/schema/MARC21slim.xsd" >
          <leader>01448cam a2200373Ia 4500</leader>
          <controlfield tag="005">20181108161836.0</controlfield>
          <controlfield tag="008">030103t20022001nyua   j      000 1 eng d</controlfield>
          <controlfield tag="001">997636925503569</controlfield>
          <datafield tag="020" ind1=" " ind2=" ">
            <subfield code="a">0439452309</subfield>
          </datafield>
          <datafield tag="020" ind1=" " ind2=" ">
            <subfield code="a">9780439452304</subfield>
          </datafield>
          <datafield tag="035" ind1=" " ind2=" ">
            <subfield code="a">(OCoLC)51303491</subfield>
          </datafield>
          <datafield tag="035" ind1=" " ind2=" ">
            <subfield code="a">(OCoLC)ocm51303491 </subfield>
          </datafield>
          <datafield tag="040" ind1=" " ind2=" ">
            <subfield code="a">IEU</subfield>
            <subfield code="b">eng</subfield>
            <subfield code="c">IEU</subfield>
            <subfield code="d">OCLCQ</subfield>
            <subfield code="d">OCLCF</subfield>
            <subfield code="d">CVA</subfield>
            <subfield code="d">OCLCO</subfield>
            <subfield code="d">OCLCQ</subfield>
            <subfield code="d">OCLCA</subfield>
            <subfield code="d">GILDS</subfield>
            <subfield code="d">OCLCA</subfield>
          </datafield>
          <datafield tag="043" ind1=" " ind2=" ">
            <subfield code="a">n-us-vt</subfield>
          </datafield>
          <datafield tag="050" ind1=" " ind2="4">
            <subfield code="a">PZ7.H4364</subfield>
            <subfield code="b">W4 2002</subfield>
          </datafield>
          <datafield tag="082" ind1="0" ind2="4">
            <subfield code="a">813.6</subfield>
          </datafield>
          <datafield tag="100" ind1="1" ind2=" ">
            <subfield code="a">Hesse, Karen.</subfield>
          </datafield>
          <datafield tag="245" ind1="1" ind2="0">
            <subfield code="a">Witness /</subfield>
            <subfield code="c">Karen Hesse.</subfield>
          </datafield>
          <datafield tag="260" ind1=" " ind2=" ">
            <subfield code="a">New York :</subfield>
            <subfield code="b">Scholastic,</subfield>
            <subfield code="c">[2002], ©2001.</subfield>
          </datafield>
          <datafield tag="300" ind1=" " ind2=" ">
            <subfield code="a">161 pages :</subfield>
            <subfield code="b">illustrations ;</subfield>
            <subfield code="c">20 cm</subfield>
          </datafield>
          <datafield tag="336" ind1=" " ind2=" ">
            <subfield code="a">text</subfield>
            <subfield code="b">txt</subfield>
            <subfield code="2">rdacontent</subfield>
          </datafield>
          <datafield tag="337" ind1=" " ind2=" ">
            <subfield code="a">unmediated</subfield>
            <subfield code="b">n</subfield>
            <subfield code="2">rdamedia</subfield>
          </datafield>
          <datafield tag="338" ind1=" " ind2=" ">
            <subfield code="a">volume</subfield>
            <subfield code="b">nc</subfield>
            <subfield code="2">rdacarrier</subfield>
          </datafield>
          <datafield tag="520" ind1=" " ind2=" ">
            <subfield code="a">A series of poems express the views of various people in a small Vermont town, including a young black girl and a young Jewish girl, during the early 1920s when the Ku Klux Klan is trying to infiltrate the town.</subfield>
          </datafield>
          <datafield tag="610" ind1="2" ind2="0">
            <subfield code="a">Ku Klux Klan (1915- )</subfield>
            <subfield code="v">Juvenile fiction.</subfield>
          </datafield>
          <datafield tag="610" ind1="2" ind2="7">
            <subfield code="a">Ku Klux Klan (1915- )</subfield>
            <subfield code="2">fast</subfield>
            <subfield code="0">(OCoLC)fst00545624</subfield>
          </datafield>
          <datafield tag="650" ind1=" " ind2="0">
            <subfield code="a">Prejudices</subfield>
            <subfield code="v">Juvenile fiction.</subfield>
          </datafield>
          <datafield tag="651" ind1=" " ind2="0">
            <subfield code="a">Vermont</subfield>
            <subfield code="v">Juvenile fiction.</subfield>
          </datafield>
          <datafield tag="650" ind1=" " ind2="7">
            <subfield code="a">Prejudices.</subfield>
            <subfield code="2">fast</subfield>
            <subfield code="0">(OCoLC)fst01075260</subfield>
          </datafield>
          <datafield tag="651" ind1=" " ind2="7">
            <subfield code="a">Vermont.</subfield>
            <subfield code="2">fast</subfield>
            <subfield code="0">(OCoLC)fst01204305</subfield>
          </datafield>
          <datafield tag="655" ind1=" " ind2="7">
            <subfield code="a">Fiction.</subfield>
            <subfield code="2">fast</subfield>
            <subfield code="0">(OCoLC)fst01423787</subfield>
          </datafield>
          <datafield tag="655" ind1=" " ind2="7">
            <subfield code="a">Juvenile works.</subfield>
            <subfield code="2">fast</subfield>
            <subfield code="0">(OCoLC)fst01411637</subfield>
          </datafield>
          <datafield tag="948" ind1=" " ind2=" ">
            <subfield code="h">HELD BY MVS - 166 OTHER HOLDINGS</subfield>
          </datafield>
          <datafield tag="994" ind1=" " ind2=" ">
            <subfield code="a">Z0</subfield>
            <subfield code="b">MVS</subfield>
          </datafield>
          <datafield tag="900" ind1="0" ind2=" ">
            <subfield code="b">MILL</subfield>
            <subfield code="c">J</subfield>
            <subfield code="h">PZ7.H4364</subfield>
            <subfield code="i">W4 2002</subfield>
            <subfield code="8">2236709710003569</subfield>
          </datafield>
        </record>
      </metadata>
    </record>