
    <record>
      <header>
        <identifier>oai:alma.01SSHELCOMILLRSVL:997629423803569</identifier>
        <datestamp>2019-02-01T12:06:40Z</datestamp>
        <setSpec>EDS:Set01</setSpec>
      </header>
      <metadata>
        <record xmlns="http://www.loc.gov/MARC21/slim" xmlns:xsi="http://www.w3.org/2001/XMLSchema-instance" xsi:schemaLocation="http://www.loc.gov/MARC21/slim http://www.loc.gov/standards/marcxml/schema/MARC21slim.xsd" >
          <leader>00202nam  22000853u 4500</leader>
          <controlfield tag="008">180822s2013####xx######r#####000#0#eng#d</controlfield>
          <controlfield tag="005">20180822124844.0</controlfield>
          <controlfield tag="001">997629423803569</controlfield>
          <datafield tag="050" ind1=" " ind2="4">
            <subfield code="a">PERSONAL ITEM BALDYS</subfield>
          </datafield>
          <datafield tag="245" ind1="1" ind2="0">
            <subfield code="a">GOOD REASONS</subfield>
          </datafield>
          <datafield tag="900" ind1="0" ind2=" ">
            <subfield code="b">MILL</subfield>
            <subfield code="c">RESS</subfield>
            <subfield code="h">PERSONAL ITEM BALDYS</subfield>
            <subfield code="8">2235839090003569</subfield>
          </datafield>
        </record>
      </metadata>
    </record>