
    <record>
      <header>
        <identifier>oai:alma.01SSHELCOMILLRSVL:997628826103569</identifier>
        <datestamp>2019-02-01T12:06:40Z</datestamp>
        <setSpec>EDS:Set01</setSpec>
      </header>
      <metadata>
        <record xmlns="http://www.loc.gov/MARC21/slim" xmlns:xsi="http://www.w3.org/2001/XMLSchema-instance" xsi:schemaLocation="http://www.loc.gov/MARC21/slim http://www.loc.gov/standards/marcxml/schema/MARC21slim.xsd" >
          <leader>02004cam a2200469 a 4500</leader>
          <controlfield tag="005">20180808103135.0</controlfield>
          <controlfield tag="008">860916s1859    maua   j      000 1 eng d</controlfield>
          <controlfield tag="001">997628826103569</controlfield>
          <datafield tag="035" ind1=" " ind2=" ">
            <subfield code="a">(OCoLC)191235681</subfield>
          </datafield>
          <datafield tag="035" ind1=" " ind2=" ">
            <subfield code="a">(OCoLC)ocn191235681</subfield>
          </datafield>
          <datafield tag="040" ind1=" " ind2=" ">
            <subfield code="a">AQM</subfield>
            <subfield code="b">eng</subfield>
            <subfield code="e">bdrb</subfield>
            <subfield code="c">AQM</subfield>
            <subfield code="d">OCLCG</subfield>
            <subfield code="d">OCLCA</subfield>
            <subfield code="d">OCLCF</subfield>
            <subfield code="d">OCLCA</subfield>
            <subfield code="d">OCLCO</subfield>
            <subfield code="d">OCLCQ</subfield>
            <subfield code="d">OCLCO</subfield>
            <subfield code="d">OCLCQ</subfield>
          </datafield>
          <datafield tag="090" ind1=" " ind2=" ">
            <subfield code="a">PZ6.H842x</subfield>
            <subfield code="b">Ja 1859</subfield>
          </datafield>
          <datafield tag="100" ind1="1" ind2=" ">
            <subfield code="a">Howitt, Mary</subfield>
            <subfield code="q">(Mary Botham),</subfield>
            <subfield code="d">1799-1888.</subfield>
          </datafield>
          <datafield tag="245" ind1="1" ind2="0">
            <subfield code="a">Jack and Harry; or, Pictures for the young. /</subfield>
            <subfield code="c">By Mary and John Howitt.</subfield>
          </datafield>
          <datafield tag="260" ind1=" " ind2=" ">
            <subfield code="a">Boston: :</subfield>
            <subfield code="b">Published by J.E. Tilton &amp; Company. 161 Washington Street.,</subfield>
            <subfield code="c">1859.</subfield>
          </datafield>
          <datafield tag="300" ind1=" " ind2=" ">
            <subfield code="a">[2], 72 p. :</subfield>
            <subfield code="b">ill. ;</subfield>
            <subfield code="c">24 cm.</subfield>
          </datafield>
          <datafield tag="336" ind1=" " ind2=" ">
            <subfield code="a">text</subfield>
            <subfield code="b">txt</subfield>
            <subfield code="2">rdacontent</subfield>
          </datafield>
          <datafield tag="337" ind1=" " ind2=" ">
            <subfield code="a">unmediated</subfield>
            <subfield code="b">n</subfield>
            <subfield code="2">rdamedia</subfield>
          </datafield>
          <datafield tag="338" ind1=" " ind2=" ">
            <subfield code="a">volume</subfield>
            <subfield code="b">nc</subfield>
            <subfield code="2">rdacarrier</subfield>
          </datafield>
          <datafield tag="500" ind1=" " ind2=" ">
            <subfield code="a">"Boston: Lithotyped by Cowles and Company, 17 Washington St. Printed by George C. Rand and Avery, 3 Cornhill."--Title page verso.</subfield>
          </datafield>
          <datafield tag="500" ind1=" " ind2=" ">
            <subfield code="a">In brown cloth with cover vignette.</subfield>
          </datafield>
          <datafield tag="500" ind1=" " ind2=" ">
            <subfield code="a">"Lemon. Fields &amp; Co. Cambridge"--Binder's label, inner cover.</subfield>
          </datafield>
          <datafield tag="500" ind1=" " ind2=" ">
            <subfield code="a">Illustrations engraved on wood by Franklin Hedge after designs by Edward Morin.</subfield>
          </datafield>
          <datafield tag="650" ind1=" " ind2="0">
            <subfield code="a">Children's stories.</subfield>
          </datafield>
          <datafield tag="650" ind1=" " ind2="0">
            <subfield code="a">Picture books for children.</subfield>
          </datafield>
          <datafield tag="650" ind1=" " ind2="4">
            <subfield code="a">Women as authors.</subfield>
          </datafield>
          <datafield tag="650" ind1=" " ind2="7">
            <subfield code="a">Children's stories.</subfield>
            <subfield code="2">fast</subfield>
            <subfield code="0">(OCoLC)fst00856632</subfield>
          </datafield>
          <datafield tag="650" ind1=" " ind2="7">
            <subfield code="a">Picture books for children.</subfield>
            <subfield code="2">fast</subfield>
            <subfield code="0">(OCoLC)fst01063717</subfield>
          </datafield>
          <datafield tag="655" ind1=" " ind2="7">
            <subfield code="a">Juvenile literature</subfield>
            <subfield code="y">1859.</subfield>
            <subfield code="2">rbgenr</subfield>
          </datafield>
          <datafield tag="655" ind1=" " ind2="7">
            <subfield code="a">Signed bindings (Binding)</subfield>
            <subfield code="2">rbbin</subfield>
          </datafield>
          <datafield tag="700" ind1="1" ind2=" ">
            <subfield code="a">Howitt, John.</subfield>
          </datafield>
          <datafield tag="700" ind1="1" ind2=" ">
            <subfield code="a">Morin, Edmond,</subfield>
            <subfield code="d">1824-1882,</subfield>
            <subfield code="e">illustrator.</subfield>
          </datafield>
          <datafield tag="700" ind1="1" ind2=" ">
            <subfield code="a">Hedge, Franklin,</subfield>
            <subfield code="d">approximately 1830-</subfield>
            <subfield code="e">engraver.</subfield>
          </datafield>
          <datafield tag="710" ind1="2" ind2=" ">
            <subfield code="a">J.E. Tilton and Company,</subfield>
            <subfield code="e">publisher.</subfield>
          </datafield>
          <datafield tag="710" ind1="2" ind2=" ">
            <subfield code="a">Geo. C. Rand &amp; Avery,</subfield>
            <subfield code="e">printer.</subfield>
          </datafield>
          <datafield tag="710" ind1="2" ind2=" ">
            <subfield code="a">Cowles &amp; Company,</subfield>
            <subfield code="e">stereotyper.</subfield>
          </datafield>
          <datafield tag="710" ind1="2" ind2=" ">
            <subfield code="a">Lemon Fields &amp; Co,</subfield>
            <subfield code="e">binder.</subfield>
          </datafield>
          <datafield tag="752" ind1=" " ind2=" ">
            <subfield code="a">United States</subfield>
            <subfield code="b">Massachusetts</subfield>
            <subfield code="d">Boston.</subfield>
          </datafield>
          <datafield tag="752" ind1=" " ind2=" ">
            <subfield code="a">United States</subfield>
            <subfield code="b">Massachusetts</subfield>
            <subfield code="d">Cambridge.</subfield>
          </datafield>
          <datafield tag="948" ind1=" " ind2=" ">
            <subfield code="h">HELD BY MVS - 6 OTHER HOLDINGS</subfield>
          </datafield>
          <datafield tag="949" ind1=" " ind2=" ">
            <subfield code="i">AUTHORITY</subfield>
          </datafield>
          <datafield tag="994" ind1=" " ind2=" ">
            <subfield code="a">Z0</subfield>
            <subfield code="b">MVS</subfield>
          </datafield>
          <datafield tag="900" ind1="0" ind2=" ">
            <subfield code="b">MILL</subfield>
            <subfield code="c">SCRB</subfield>
            <subfield code="h">PZ6.H842x</subfield>
            <subfield code="i">Ja 1859</subfield>
            <subfield code="8">2235749970003569</subfield>
          </datafield>
        </record>
      </metadata>
    </record>