
    <record>
      <header>
        <identifier>oai:alma.01SSHELCOMILLRSVL:997630411303569</identifier>
        <datestamp>2019-02-01T12:06:40Z</datestamp>
        <setSpec>EDS:Set01</setSpec>
      </header>
      <metadata>
        <record xmlns="http://www.loc.gov/MARC21/slim" xmlns:xsi="http://www.w3.org/2001/XMLSchema-instance" xsi:schemaLocation="http://www.loc.gov/MARC21/slim http://www.loc.gov/standards/marcxml/schema/MARC21slim.xsd" >
          <leader>01889cam a2200409I  4500</leader>
          <controlfield tag="005">20180926102839.0</controlfield>
          <controlfield tag="008">770810s1806    mau           000 0 eng  </controlfield>
          <controlfield tag="001">997630411303569</controlfield>
          <datafield tag="010" ind1=" " ind2=" ">
            <subfield code="a">   03029708 </subfield>
          </datafield>
          <datafield tag="019" ind1=" " ind2=" ">
            <subfield code="a">4790464</subfield>
            <subfield code="a">261233076</subfield>
          </datafield>
          <datafield tag="035" ind1=" " ind2=" ">
            <subfield code="a">(OCoLC)3178124</subfield>
            <subfield code="z">(OCoLC)4790464</subfield>
            <subfield code="z">(OCoLC)261233076</subfield>
          </datafield>
          <datafield tag="035" ind1=" " ind2=" ">
            <subfield code="a">(OCoLC)ocm03178124 </subfield>
          </datafield>
          <datafield tag="040" ind1=" " ind2=" ">
            <subfield code="a">DLC</subfield>
            <subfield code="b">eng</subfield>
            <subfield code="c">OCP</subfield>
            <subfield code="d">OCL</subfield>
            <subfield code="d">SUC</subfield>
            <subfield code="d">OCLCQ</subfield>
            <subfield code="d">OCLCG</subfield>
            <subfield code="d">EAU</subfield>
            <subfield code="d">KRTAS</subfield>
            <subfield code="d">WAU</subfield>
            <subfield code="d">OCLCO</subfield>
            <subfield code="d">OCLCF</subfield>
            <subfield code="d">OCLCQ</subfield>
            <subfield code="d">TYC</subfield>
          </datafield>
          <datafield tag="050" ind1=" " ind2="4">
            <subfield code="a">QA101</subfield>
            <subfield code="b">.W2 1806</subfield>
          </datafield>
          <datafield tag="082" ind1=" " ind2="4">
            <subfield code="a">511</subfield>
            <subfield code="b">1806</subfield>
          </datafield>
          <datafield tag="090" ind1=" " ind2=" ">
            <subfield code="a">Z1033.A84</subfield>
            <subfield code="b">R68 W3542x 1806</subfield>
          </datafield>
          <datafield tag="100" ind1="1" ind2=" ">
            <subfield code="a">Walsh, Michael,</subfield>
            <subfield code="d">1763-1840.</subfield>
          </datafield>
          <datafield tag="245" ind1="1" ind2="2">
            <subfield code="a">A new system of mercantile arithmetic;</subfield>
            <subfield code="b">adapted to the commerce of the United States, in its domestic and foreign relations; with forms of accounts, and other writings usually occurring in trade.</subfield>
            <subfield code="c">By Michael Walsh.</subfield>
          </datafield>
          <datafield tag="250" ind1=" " ind2=" ">
            <subfield code="a">3d ed.</subfield>
          </datafield>
          <datafield tag="260" ind1=" " ind2=" ">
            <subfield code="a">Newburyport, (Massachusetts)</subfield>
            <subfield code="b">Printed by Edmund M. Blunt, (proprietor)</subfield>
            <subfield code="c">January, 1806.</subfield>
          </datafield>
          <datafield tag="300" ind1=" " ind2=" ">
            <subfield code="a">xi, [1], [13]-274 pages, 1 leaf</subfield>
            <subfield code="c">18 cm</subfield>
          </datafield>
          <datafield tag="336" ind1=" " ind2=" ">
            <subfield code="a">text</subfield>
            <subfield code="b">txt</subfield>
            <subfield code="2">rdacontent</subfield>
          </datafield>
          <datafield tag="337" ind1=" " ind2=" ">
            <subfield code="a">unmediated</subfield>
            <subfield code="b">n</subfield>
            <subfield code="2">rdamedia</subfield>
          </datafield>
          <datafield tag="338" ind1=" " ind2=" ">
            <subfield code="a">volume</subfield>
            <subfield code="b">nc</subfield>
            <subfield code="2">rdacarrier</subfield>
          </datafield>
          <datafield tag="500" ind1=" " ind2=" ">
            <subfield code="a">Title vignette.</subfield>
          </datafield>
          <datafield tag="500" ind1=" " ind2=" ">
            <subfield code="a">Letterpress printed.</subfield>
          </datafield>
          <datafield tag="500" ind1=" " ind2=" ">
            <subfield code="a">Part of the Joseph L. Rousseau Collection of Mathematical Materials.</subfield>
          </datafield>
          <datafield tag="510" ind1=" " ind2=" ">
            <subfield code="a">Karpinski's American Mathematical Publications Bibliographical List ;</subfield>
            <subfield code="c">p. 138.</subfield>
          </datafield>
          <datafield tag="541" ind1=" " ind2=" ">
            <subfield code="a">Joseph L. Rousseau ;</subfield>
            <subfield code="c">gift,</subfield>
            <subfield code="d">2008.</subfield>
          </datafield>
          <datafield tag="650" ind1=" " ind2="0">
            <subfield code="a">Arithmetic</subfield>
            <subfield code="y">Before 1846.</subfield>
          </datafield>
          <datafield tag="650" ind1=" " ind2="7">
            <subfield code="a">Arithmetic.</subfield>
            <subfield code="2">fast</subfield>
            <subfield code="0">(OCoLC)fst00814484</subfield>
          </datafield>
          <datafield tag="655" ind1=" " ind2="7">
            <subfield code="a">Publishers' advertisements.</subfield>
            <subfield code="2">rbgenr</subfield>
            <subfield code="5">CtHT</subfield>
          </datafield>
          <datafield tag="776" ind1="0" ind2="8">
            <subfield code="i">Online version:</subfield>
            <subfield code="a">Walsh, Michael, 1763-1840.</subfield>
            <subfield code="t">New system of mercantile arithmetic.</subfield>
            <subfield code="b">3d ed.</subfield>
            <subfield code="d">Newburyport, (Massachusetts) Printed by Edmund M. Blunt, (proprietor) January, 1806</subfield>
            <subfield code="w">(OCoLC)1027794200</subfield>
          </datafield>
          <datafield tag="938" ind1=" " ind2=" ">
            <subfield code="a">Kirtas Technologies, Inc.</subfield>
            <subfield code="b">KRTS</subfield>
            <subfield code="n">890454</subfield>
          </datafield>
          <datafield tag="948" ind1=" " ind2=" ">
            <subfield code="h">HELD BY MVS - 33 OTHER HOLDINGS</subfield>
          </datafield>
          <datafield tag="949" ind1=" " ind2=" ">
            <subfield code="i">AUTHORITY</subfield>
          </datafield>
          <datafield tag="994" ind1=" " ind2=" ">
            <subfield code="a">Z0</subfield>
            <subfield code="b">MVS</subfield>
          </datafield>
          <datafield tag="900" ind1="0" ind2=" ">
            <subfield code="b">MILL</subfield>
            <subfield code="c">SCRB</subfield>
            <subfield code="h">Z1033.A84</subfield>
            <subfield code="i">R68 W3542x 1806</subfield>
            <subfield code="8">2235946770003569</subfield>
          </datafield>
        </record>
      </metadata>
    </record>