
    <record>
      <header>
        <identifier>oai:alma.01SSHELCOMILLRSVL:997638201503569</identifier>
        <datestamp>2019-02-01T12:06:40Z</datestamp>
        <setSpec>EDS:Set01</setSpec>
      </header>
      <metadata>
        <record xmlns="http://www.loc.gov/MARC21/slim" xmlns:xsi="http://www.w3.org/2001/XMLSchema-instance" xsi:schemaLocation="http://www.loc.gov/MARC21/slim http://www.loc.gov/standards/marcxml/schema/MARC21slim.xsd" >
          <leader>01734nam a2200421 i 4500</leader>
          <controlfield tag="005">20181205121701.0</controlfield>
          <controlfield tag="008">180820s2015    riuab    b   f000 0 eng c</controlfield>
          <controlfield tag="001">997638201503569</controlfield>
          <datafield tag="035" ind1=" " ind2=" ">
            <subfield code="a">(OCoLC)on1048898760</subfield>
          </datafield>
          <datafield tag="037" ind1=" " ind2=" ">
            <subfield code="a">008-046-00310-6</subfield>
            <subfield code="b">GPO</subfield>
          </datafield>
          <datafield tag="040" ind1=" " ind2=" ">
            <subfield code="a">GPO</subfield>
            <subfield code="b">eng</subfield>
            <subfield code="e">rda</subfield>
            <subfield code="c">GPO</subfield>
            <subfield code="d">GPO</subfield>
            <subfield code="d">MvI</subfield>
          </datafield>
          <datafield tag="042" ind1=" " ind2=" ">
            <subfield code="a">pcc</subfield>
          </datafield>
          <datafield tag="049" ind1=" " ind2=" ">
            <subfield code="a">GD</subfield>
          </datafield>
          <datafield tag="050" ind1=" " ind2="4">
            <subfield code="a">HV6433.N53</subfield>
            <subfield code="b">Z96x 2015</subfield>
          </datafield>
          <datafield tag="074" ind1=" " ind2=" ">
            <subfield code="a">0408-A-11</subfield>
          </datafield>
          <datafield tag="086" ind1="0" ind2=" ">
            <subfield code="a">D 208.202:B 63</subfield>
          </datafield>
          <datafield tag="100" ind1="1" ind2=" ">
            <subfield code="a">Zenn, Jacob,</subfield>
            <subfield code="e">author.</subfield>
          </datafield>
          <datafield tag="245" ind1="1" ind2="4">
            <subfield code="a">The Al-Qaeda accelerant in Boko Haram's rise /</subfield>
            <subfield code="c">Jacob Zenn.</subfield>
          </datafield>
          <datafield tag="250" ind1=" " ind2=" ">
            <subfield code="a">Official U.S. Government edition.</subfield>
          </datafield>
          <datafield tag="264" ind1=" " ind2="1">
            <subfield code="a">Newport, RI :</subfield>
            <subfield code="b">Center on Irregular Warfare &amp; Armed Groups (CIWAG), US Naval War College,</subfield>
            <subfield code="c">[2015]</subfield>
          </datafield>
          <datafield tag="264" ind1=" " ind2="2">
            <subfield code="a">Washington, DC :</subfield>
            <subfield code="b">For sale by the Superintendent of Documents, U.S. Government Printing Office</subfield>
          </datafield>
          <datafield tag="300" ind1=" " ind2=" ">
            <subfield code="a">100 pages :</subfield>
            <subfield code="b">color illustrations, color map ;</subfield>
            <subfield code="c">23 cm.</subfield>
          </datafield>
          <datafield tag="336" ind1=" " ind2=" ">
            <subfield code="a">text</subfield>
            <subfield code="b">txt</subfield>
            <subfield code="2">rdacontent</subfield>
          </datafield>
          <datafield tag="337" ind1=" " ind2=" ">
            <subfield code="a">unmediated</subfield>
            <subfield code="b">n</subfield>
            <subfield code="2">rdamedia</subfield>
          </datafield>
          <datafield tag="338" ind1=" " ind2=" ">
            <subfield code="a">volume</subfield>
            <subfield code="b">nc</subfield>
            <subfield code="2">rdacarrier</subfield>
          </datafield>
          <datafield tag="490" ind1="1" ind2=" ">
            <subfield code="a">[CIWAG Case Studies ;</subfield>
            <subfield code="v">3]</subfield>
          </datafield>
          <datafield tag="500" ind1=" " ind2=" ">
            <subfield code="a">Shipping list no.: 2018-0314-P.</subfield>
          </datafield>
          <datafield tag="500" ind1=" " ind2=" ">
            <subfield code="a">CRDP Program record.</subfield>
          </datafield>
          <datafield tag="504" ind1=" " ind2=" ">
            <subfield code="a">Includes bibliographical references.</subfield>
          </datafield>
          <datafield tag="506" ind1="0" ind2=" ">
            <subfield code="a">"This work is cleared for public release; distribution is unlimited."</subfield>
          </datafield>
          <datafield tag="610" ind1="2" ind2="0">
            <subfield code="a">Boko Haram</subfield>
            <subfield code="v">Case studies.</subfield>
          </datafield>
          <datafield tag="610" ind1="2" ind2="0">
            <subfield code="a">Qaeda in the Islamic Maghreb</subfield>
            <subfield code="v">Case studies.</subfield>
          </datafield>
          <datafield tag="650" ind1=" " ind2="0">
            <subfield code="a">Islamic fundamentalism</subfield>
            <subfield code="z">Nigeria</subfield>
            <subfield code="v">Case studies.</subfield>
          </datafield>
          <datafield tag="650" ind1=" " ind2="0">
            <subfield code="a">Insurgency</subfield>
            <subfield code="z">Nigeria</subfield>
            <subfield code="v">Case studies.</subfield>
          </datafield>
          <datafield tag="710" ind1="2" ind2=" ">
            <subfield code="a">Naval War College (U.S.).</subfield>
            <subfield code="b">Center on Irregular Warfare and Armed Groups,</subfield>
            <subfield code="e">issuing body.</subfield>
          </datafield>
          <datafield tag="776" ind1="0" ind2="8">
            <subfield code="i">Online version:</subfield>
            <subfield code="a">Zenn, Jacob.</subfield>
            <subfield code="t">Al-Qaeda accelerant in Boko Haram's rise</subfield>
            <subfield code="w">(OCoLC)1048898950</subfield>
          </datafield>
          <datafield tag="830" ind1=" " ind2="0">
            <subfield code="a">CIWAG case studies ;</subfield>
            <subfield code="v">3.</subfield>
          </datafield>
          <datafield tag="949" ind1=" " ind2=" ">
            <subfield code="c">GD</subfield>
            <subfield code="d">D 208.215:3</subfield>
            <subfield code="t">LGD</subfield>
          </datafield>
          <datafield tag="900" ind1="0" ind2=" ">
            <subfield code="b">MILL</subfield>
            <subfield code="c">B</subfield>
            <subfield code="h">HV6433.N53</subfield>
            <subfield code="i">Z96x 2015</subfield>
            <subfield code="8">2236884120003569</subfield>
          </datafield>
        </record>
      </metadata>
    </record>