
    <record>
      <header>
        <identifier>oai:alma.01SSHELCOMILLRSVL:997632824303569</identifier>
        <datestamp>2019-02-01T12:06:40Z</datestamp>
        <setSpec>EDS:Set01</setSpec>
      </header>
      <metadata>
        <record xmlns="http://www.loc.gov/MARC21/slim" xmlns:xsi="http://www.w3.org/2001/XMLSchema-instance" xsi:schemaLocation="http://www.loc.gov/MARC21/slim http://www.loc.gov/standards/marcxml/schema/MARC21slim.xsd" >
          <leader>05222cam  2200697 i 4500</leader>
          <controlfield tag="005">20181022093457.0</controlfield>
          <controlfield tag="008">160201t20162016paua     b    001 0deng d</controlfield>
          <controlfield tag="001">997632824303569</controlfield>
          <datafield tag="010" ind1=" " ind2=" ">
            <subfield code="a">  2016932211</subfield>
          </datafield>
          <datafield tag="019" ind1=" " ind2=" ">
            <subfield code="a">1002141021</subfield>
            <subfield code="a">1035398204</subfield>
            <subfield code="a">1041853812</subfield>
            <subfield code="a">1042075576</subfield>
          </datafield>
          <datafield tag="020" ind1=" " ind2=" ">
            <subfield code="a">162979094X</subfield>
            <subfield code="q">(hardback)</subfield>
          </datafield>
          <datafield tag="020" ind1=" " ind2=" ">
            <subfield code="a">9781629790947</subfield>
            <subfield code="q">(hardback)</subfield>
          </datafield>
          <datafield tag="035" ind1=" " ind2=" ">
            <subfield code="a">(OCoLC)936534471</subfield>
            <subfield code="z">(OCoLC)1002141021</subfield>
            <subfield code="z">(OCoLC)1035398204</subfield>
            <subfield code="z">(OCoLC)1041853812</subfield>
            <subfield code="z">(OCoLC)1042075576</subfield>
          </datafield>
          <datafield tag="035" ind1=" " ind2=" ">
            <subfield code="a">(OCoLC)ocn936534471</subfield>
          </datafield>
          <datafield tag="040" ind1=" " ind2=" ">
            <subfield code="a">YDXCP</subfield>
            <subfield code="b">eng</subfield>
            <subfield code="e">rda</subfield>
            <subfield code="c">DLC</subfield>
            <subfield code="d">YDXCP</subfield>
            <subfield code="d">BDX</subfield>
            <subfield code="d">BTCTA</subfield>
            <subfield code="d">KNM</subfield>
            <subfield code="d">CLE</subfield>
            <subfield code="d">OCLCF</subfield>
            <subfield code="d">UAB</subfield>
            <subfield code="d">CGP</subfield>
            <subfield code="d">NBO</subfield>
            <subfield code="d">CQU</subfield>
            <subfield code="d">LIQ</subfield>
            <subfield code="d">IGA</subfield>
            <subfield code="d">EHH</subfield>
            <subfield code="d">GL3</subfield>
            <subfield code="d">T3B</subfield>
            <subfield code="d">IUL</subfield>
            <subfield code="d">HTM</subfield>
            <subfield code="d">RB0</subfield>
            <subfield code="d">NHS</subfield>
            <subfield code="d">NRC</subfield>
            <subfield code="d">WYZ</subfield>
            <subfield code="d">B@L</subfield>
            <subfield code="d">OCLCO</subfield>
            <subfield code="d">AUBRN</subfield>
            <subfield code="d">YU6</subfield>
            <subfield code="d">RV8</subfield>
            <subfield code="d">CCP</subfield>
            <subfield code="d">OCL</subfield>
            <subfield code="d">OCLCQ</subfield>
            <subfield code="d">GUA</subfield>
            <subfield code="d">TXHUT</subfield>
            <subfield code="d">FO7</subfield>
            <subfield code="d">OCLCQ</subfield>
            <subfield code="d">OCLCO</subfield>
            <subfield code="d">OCLCA</subfield>
            <subfield code="d">SEO</subfield>
            <subfield code="d">IPL</subfield>
            <subfield code="d">HCO</subfield>
            <subfield code="d">XFF</subfield>
            <subfield code="d">BPLCP</subfield>
            <subfield code="d">GILDS</subfield>
            <subfield code="d">MPLBT</subfield>
            <subfield code="d">NJB</subfield>
            <subfield code="d">UOK</subfield>
            <subfield code="d">EYB</subfield>
            <subfield code="d">CREBL</subfield>
            <subfield code="d">MLM</subfield>
            <subfield code="d">TKN</subfield>
            <subfield code="d">RCL</subfield>
            <subfield code="d">CSO</subfield>
            <subfield code="d">KSU</subfield>
            <subfield code="d">MUO</subfield>
            <subfield code="d">FQG</subfield>
            <subfield code="d">SPP</subfield>
            <subfield code="d">CRU</subfield>
            <subfield code="d">VLW</subfield>
            <subfield code="d">NAM</subfield>
            <subfield code="d">S#L</subfield>
            <subfield code="d">KF6</subfield>
            <subfield code="d">NTG</subfield>
            <subfield code="d">JY9</subfield>
            <subfield code="d">UX2</subfield>
            <subfield code="d">QS7</subfield>
            <subfield code="d">TXSCH</subfield>
            <subfield code="d">REC</subfield>
            <subfield code="d">JDP</subfield>
            <subfield code="d">KI2</subfield>
            <subfield code="d">MVS</subfield>
          </datafield>
          <datafield tag="042" ind1=" " ind2=" ">
            <subfield code="a">lccopycat</subfield>
          </datafield>
          <datafield tag="043" ind1=" " ind2=" ">
            <subfield code="a">n-us---</subfield>
            <subfield code="a">n-us-al</subfield>
          </datafield>
          <datafield tag="049" ind1=" " ind2=" ">
            <subfield code="a">MVSS</subfield>
          </datafield>
          <datafield tag="050" ind1="0" ind2="0">
            <subfield code="a">E185.98.D3</subfield>
            <subfield code="b">W35 2016</subfield>
          </datafield>
          <datafield tag="066" ind1=" " ind2=" ">
            <subfield code="c">(S</subfield>
          </datafield>
          <datafield tag="082" ind1="0" ind2="4">
            <subfield code="a">323.092</subfield>
            <subfield code="2">23</subfield>
          </datafield>
          <datafield tag="100" ind1="1" ind2=" ">
            <subfield code="a">Wallace, Rich,</subfield>
            <subfield code="e">author.</subfield>
          </datafield>
          <datafield tag="245" ind1="1" ind2="0">
            <subfield code="a">Blood brother :</subfield>
            <subfield code="b">Jonathan Daniels and his sacrifice for civil rights /</subfield>
            <subfield code="c">Rich Wallace + Sandra Neil Wallace.</subfield>
          </datafield>
          <datafield tag="246" ind1="3" ind2="0">
            <subfield code="a">Jonathan Daniels and his sacrifice for civil rights</subfield>
          </datafield>
          <datafield tag="250" ind1=" " ind2=" ">
            <subfield code="a">First edition.</subfield>
          </datafield>
          <datafield tag="264" ind1=" " ind2="1">
            <subfield code="a">Honesdale, Pennsylvania :</subfield>
            <subfield code="b">Calkins Creek, an imprint of Highlights,</subfield>
            <subfield code="c">[2016]</subfield>
          </datafield>
          <datafield tag="264" ind1=" " ind2="4">
            <subfield code="c">©2016</subfield>
          </datafield>
          <datafield tag="300" ind1=" " ind2=" ">
            <subfield code="a">352 pages :</subfield>
            <subfield code="b">illustrations ;</subfield>
            <subfield code="c">26 cm</subfield>
          </datafield>
          <datafield tag="336" ind1=" " ind2=" ">
            <subfield code="a">text</subfield>
            <subfield code="b">txt</subfield>
            <subfield code="2">rdacontent</subfield>
          </datafield>
          <datafield tag="337" ind1=" " ind2=" ">
            <subfield code="a">unmediated</subfield>
            <subfield code="b">n</subfield>
            <subfield code="2">rdamedia</subfield>
          </datafield>
          <datafield tag="338" ind1=" " ind2=" ">
            <subfield code="a">volume</subfield>
            <subfield code="b">nc</subfield>
            <subfield code="2">rdacarrier</subfield>
          </datafield>
          <datafield tag="504" ind1=" " ind2=" ">
            <subfield code="a">Includes bibliographical references (pages 328-337) and index.</subfield>
          </datafield>
          <datafield tag="505" ind1="0" ind2=" ">
            <subfield code="a">Crossing boundaries -- Behind the eight ball -- Military interference -- Quietly frantic -- Bloody Sunday -- Open hostility -- Higher stakes -- A life in danger -- Segregated worship -- Bloody Lowndes -- Stripped of color -- No back doors -- Jailed -- An eerie quiet -- Saying goodbye -- The Coleman trial -- The southern way -- Jonathan's revolution -- Epilogue: a life continues -- A note from the authors -- The ears have it: a note on our research -- Timeline -- Bibliography -- For further information -- Source notes -- Index.</subfield>
          </datafield>
          <datafield tag="520" ind1=" " ind2=" ">
            <subfield code="a">"Jonathan Daniels, a white seminary student from New Hampshire, traveled to Selma, Alabama, in 1965 to help with voter registration of black residents. After the voting rights marches, he remained in Alabama, in the area known as "Bloody Lowndes," an extremely dangerous area for white freedom fighters, to assist civil rights workers. Five months later, Jonathan Daniels was shot and killed while saving the life of Ruby Sales, a black teenager. Through Daniels's poignant letters, papers, photographs, and taped interviews, authors Rich Wallace and Sandra Neil Wallace explore what led Daniels to the moment of his death, the trial of his murderer, and how these events helped reshape both the legal and political climate of Lowndes County and the nation."--Publisher's website.</subfield>
          </datafield>
          <datafield tag="526" ind1="0" ind2=" ">
            <subfield code="a">Accelerated Reader</subfield>
            <subfield code="b">MG+</subfield>
            <subfield code="c">7.4</subfield>
            <subfield code="d">7.</subfield>
          </datafield>
          <datafield tag="586" ind1=" " ind2=" ">
            <subfield code="a">American Library Association Notable Children's Book; 2017.</subfield>
          </datafield>
          <datafield tag="600" ind1="1" ind2="0">
            <subfield code="a">Daniels, Jonathan Myrick,</subfield>
            <subfield code="d">1939-1965.</subfield>
          </datafield>
          <datafield tag="600" ind1="1" ind2="7">
            <subfield code="a">Daniels, Jonathan Myrick,</subfield>
            <subfield code="d">1939-1965</subfield>
            <subfield code="2">fast</subfield>
            <subfield code="0">(OCoLC)fst00302210</subfield>
          </datafield>
          <datafield tag="650" ind1=" " ind2="0">
            <subfield code="a">Civil rights workers</subfield>
            <subfield code="z">United States</subfield>
            <subfield code="v">Biography.</subfield>
          </datafield>
          <datafield tag="650" ind1=" " ind2="0">
            <subfield code="a">African Americans</subfield>
            <subfield code="x">Civil rights.</subfield>
          </datafield>
          <datafield tag="650" ind1=" " ind2="0">
            <subfield code="a">Civil rights movements</subfield>
            <subfield code="z">United States</subfield>
            <subfield code="x">History</subfield>
            <subfield code="y">20th century.</subfield>
          </datafield>
          <datafield tag="651" ind1=" " ind2="0">
            <subfield code="a">Alabama</subfield>
            <subfield code="x">Race relations.</subfield>
          </datafield>
          <datafield tag="650" ind1=" " ind2="0">
            <subfield code="a">Social justice</subfield>
            <subfield code="z">United States.</subfield>
          </datafield>
          <datafield tag="650" ind1=" " ind2="7">
            <subfield code="a">African Americans</subfield>
            <subfield code="x">Civil rights.</subfield>
            <subfield code="2">fast</subfield>
            <subfield code="0">(OCoLC)fst00799575</subfield>
          </datafield>
          <datafield tag="650" ind1=" " ind2="7">
            <subfield code="a">Civil rights movements.</subfield>
            <subfield code="2">fast</subfield>
            <subfield code="0">(OCoLC)fst00862708</subfield>
          </datafield>
          <datafield tag="650" ind1=" " ind2="7">
            <subfield code="a">Civil rights workers.</subfield>
            <subfield code="2">fast</subfield>
            <subfield code="0">(OCoLC)fst00862721</subfield>
          </datafield>
          <datafield tag="650" ind1=" " ind2="7">
            <subfield code="a">Race relations.</subfield>
            <subfield code="2">fast</subfield>
            <subfield code="0">(OCoLC)fst01086509</subfield>
          </datafield>
          <datafield tag="650" ind1=" " ind2="7">
            <subfield code="a">Social justice.</subfield>
            <subfield code="2">fast</subfield>
            <subfield code="0">(OCoLC)fst01122603</subfield>
          </datafield>
          <datafield tag="651" ind1=" " ind2="7">
            <subfield code="a">Alabama.</subfield>
            <subfield code="2">fast</subfield>
            <subfield code="0">(OCoLC)fst01204694</subfield>
          </datafield>
          <datafield tag="651" ind1=" " ind2="7">
            <subfield code="a">United States.</subfield>
            <subfield code="2">fast</subfield>
            <subfield code="0">(OCoLC)fst01204155</subfield>
          </datafield>
          <datafield tag="648" ind1=" " ind2="7">
            <subfield code="a">1900-1999</subfield>
            <subfield code="2">fast</subfield>
          </datafield>
          <datafield tag="655" ind1=" " ind2="7">
            <subfield code="a">Biographies.</subfield>
            <subfield code="2">fast</subfield>
            <subfield code="0">(OCoLC)fst01919896</subfield>
          </datafield>
          <datafield tag="655" ind1=" " ind2="7">
            <subfield code="a">Biography.</subfield>
            <subfield code="2">fast</subfield>
            <subfield code="0">(OCoLC)fst01423686</subfield>
          </datafield>
          <datafield tag="655" ind1=" " ind2="7">
            <subfield code="a">History.</subfield>
            <subfield code="2">fast</subfield>
            <subfield code="0">(OCoLC)fst01411628</subfield>
          </datafield>
          <datafield tag="700" ind1="1" ind2=" ">
            <subfield code="a">Wallace, Sandra Neil,</subfield>
            <subfield code="e">author.</subfield>
          </datafield>
          <datafield tag="880" ind1=" " ind2=" ">
            <subfield code="6">520-00/(S</subfield>
            <subfield code="a">(Sa (B520 "Jonathan Daniels, a white seminary student from New Hampshire, traveled to Selma, Alabama, in 1965 to help with voter registration of black residents. After the voting rights marches, he remained in Alabama, in the area known as "Bloody Lowndes," an extremely dangerous area for white freedom fighters, to assist civil rights workers. Five months later, Jonathan Daniels was shot and killed while saving the life of Ruby Sales, a black teenager. Through Daniels's poignant letters, papers, photographs, and taped interviews, authors Rich Wallace and Sandra Neil Wallace explore what led Daniels to the moment of his death, the trial of his murderer, and how these events helped reshape both the legal and political climate of Lowndes County and the nation."--Publisher's website.</subfield>
          </datafield>
          <datafield tag="938" ind1=" " ind2=" ">
            <subfield code="a">Brodart</subfield>
            <subfield code="b">BROD</subfield>
            <subfield code="n">114809771</subfield>
          </datafield>
          <datafield tag="938" ind1=" " ind2=" ">
            <subfield code="a">Baker and Taylor</subfield>
            <subfield code="b">BTCP</subfield>
            <subfield code="n">BK0018343704</subfield>
          </datafield>
          <datafield tag="938" ind1=" " ind2=" ">
            <subfield code="a">YBP Library Services</subfield>
            <subfield code="b">YANK</subfield>
            <subfield code="n">12828550</subfield>
          </datafield>
          <datafield tag="949" ind1=" " ind2=" ">
            <subfield code="b">33151009177736</subfield>
          </datafield>
          <datafield tag="994" ind1=" " ind2=" ">
            <subfield code="a">C0</subfield>
            <subfield code="b">MVS</subfield>
          </datafield>
          <datafield tag="900" ind1="0" ind2=" ">
            <subfield code="b">MILL</subfield>
            <subfield code="c">J</subfield>
            <subfield code="h">E185.98.D3</subfield>
            <subfield code="i">W35 2016</subfield>
            <subfield code="8">2236258160003569</subfield>
          </datafield>
        </record>
      </metadata>
    </record>