
    <record>
      <header>
        <identifier>oai:alma.01SSHELCOMILLRSVL:997630812303569</identifier>
        <datestamp>2019-02-01T12:06:40Z</datestamp>
        <setSpec>EDS:Set01</setSpec>
      </header>
      <metadata>
        <record xmlns="http://www.loc.gov/MARC21/slim" xmlns:xsi="http://www.w3.org/2001/XMLSchema-instance" xsi:schemaLocation="http://www.loc.gov/MARC21/slim http://www.loc.gov/standards/marcxml/schema/MARC21slim.xsd" >
          <leader>02850cam a22004691i 4500</leader>
          <controlfield tag="005">20180926115344.0</controlfield>
          <controlfield tag="008">720419s1928    nyua          000 f eng  </controlfield>
          <controlfield tag="001">997630812303569</controlfield>
          <datafield tag="010" ind1=" " ind2=" ">
            <subfield code="a">   28014706 </subfield>
          </datafield>
          <datafield tag="019" ind1=" " ind2=" ">
            <subfield code="a">564102</subfield>
            <subfield code="a">918868</subfield>
          </datafield>
          <datafield tag="035" ind1=" " ind2=" ">
            <subfield code="a">(OCoLC)288643</subfield>
            <subfield code="z">(OCoLC)564102</subfield>
            <subfield code="z">(OCoLC)918868</subfield>
          </datafield>
          <datafield tag="035" ind1=" " ind2=" ">
            <subfield code="a">(OCoLC)ocm00288643 </subfield>
          </datafield>
          <datafield tag="040" ind1=" " ind2=" ">
            <subfield code="a">DLC</subfield>
            <subfield code="b">eng</subfield>
            <subfield code="e">rda</subfield>
            <subfield code="c">WSU</subfield>
            <subfield code="d">DLC</subfield>
            <subfield code="d">BAKER</subfield>
            <subfield code="d">OCLCQ</subfield>
            <subfield code="d">OCLCG</subfield>
            <subfield code="d">MCW</subfield>
            <subfield code="d">MUU</subfield>
            <subfield code="d">OCLCF</subfield>
            <subfield code="d">OCLCQ</subfield>
            <subfield code="d">OCLCO</subfield>
            <subfield code="d">OSU</subfield>
            <subfield code="d">SFR</subfield>
            <subfield code="d">OCL</subfield>
            <subfield code="d">PAU</subfield>
            <subfield code="d">OCLCQ</subfield>
            <subfield code="d">OCLCO</subfield>
          </datafield>
          <datafield tag="050" ind1="0" ind2="0">
            <subfield code="a">PZ3.L875</subfield>
            <subfield code="b">Bu</subfield>
            <subfield code="a">PS3523.O557</subfield>
          </datafield>
          <datafield tag="082" ind1="0" ind2="4">
            <subfield code="a">813.5</subfield>
          </datafield>
          <datafield tag="090" ind1=" " ind2=" ">
            <subfield code="a">Z1033.A84</subfield>
            <subfield code="b">K45 L66x 1928</subfield>
          </datafield>
          <datafield tag="100" ind1="1" ind2=" ">
            <subfield code="a">Loos, Anita,</subfield>
            <subfield code="d">1893-1981,</subfield>
            <subfield code="e">author.</subfield>
          </datafield>
          <datafield tag="245" ind1="1" ind2="0">
            <subfield code="a">"But gentlemen marry brunettes" /</subfield>
            <subfield code="c">by Anita Loos ; intimately illustrated by Ralph Barton.</subfield>
          </datafield>
          <datafield tag="264" ind1=" " ind2="1">
            <subfield code="a">New York :</subfield>
            <subfield code="b">Boni &amp; Liveright,</subfield>
            <subfield code="c">1928.</subfield>
          </datafield>
          <datafield tag="300" ind1=" " ind2=" ">
            <subfield code="a">248 pages :</subfield>
            <subfield code="b">illustrations ;</subfield>
            <subfield code="c">20 cm</subfield>
          </datafield>
          <datafield tag="336" ind1=" " ind2=" ">
            <subfield code="a">text</subfield>
            <subfield code="b">txt</subfield>
            <subfield code="2">rdacontent</subfield>
          </datafield>
          <datafield tag="337" ind1=" " ind2=" ">
            <subfield code="a">unmediated</subfield>
            <subfield code="b">n</subfield>
            <subfield code="2">rdamedia</subfield>
          </datafield>
          <datafield tag="338" ind1=" " ind2=" ">
            <subfield code="a">volume</subfield>
            <subfield code="b">nc</subfield>
            <subfield code="2">rdacarrier</subfield>
          </datafield>
          <datafield tag="500" ind1=" " ind2=" ">
            <subfield code="a">Sequel to: Gentlemen prefer blondes.</subfield>
          </datafield>
          <datafield tag="520" ind1=" " ind2=" ">
            <subfield code="a">Follows the further adventures of Lorelei Lee and Dorothy Shaw. Narrated by Lorelei, the bubbly blonde, however she tells the tale of her friend. Dorothy, a bright talented young woman, grew up in a carnival company; she is discovered by Charlie, who helps her find her way to New York City as a young woman. In New York she is introduced to a broker who is to introduce her to Mr. Ziegfeld, so that she might have a chance at becoming one of the Ziegfeld Follies. The broker is thrown off by Dorothy's unique style and personality and does little to refer her to Mr. Ziegfeld. Dorothy takes matters into her own hands and waits outside Mr. Ziegfeld's office and lands the position without any help. Dorothy marries Lester, a saxophone player from the Follies, she soon finds that marriage is not everything she wanted it to be ...</subfield>
          </datafield>
          <datafield tag="530" ind1=" " ind2=" ">
            <subfield code="a">Also issued online.</subfield>
          </datafield>
          <datafield tag="541" ind1=" " ind2=" ">
            <subfield code="a">The Bruce Kellner Under-Read and Under-Rated Author Collection;</subfield>
            <subfield code="c">gift,</subfield>
            <subfield code="d">2010.</subfield>
          </datafield>
          <datafield tag="561" ind1=" " ind2=" ">
            <subfield code="a">Bruce Kellner bookplate on inside front cover.</subfield>
          </datafield>
          <datafield tag="650" ind1=" " ind2="0">
            <subfield code="a">Young women</subfield>
            <subfield code="v">Fiction.</subfield>
          </datafield>
          <datafield tag="650" ind1=" " ind2="0">
            <subfield code="a">Man-woman relationships</subfield>
            <subfield code="v">Fiction.</subfield>
          </datafield>
          <datafield tag="650" ind1=" " ind2="0">
            <subfield code="a">Book jackets</subfield>
            <subfield code="v">Specimens.</subfield>
          </datafield>
          <datafield tag="650" ind1=" " ind2="0">
            <subfield code="a">Publishers' bindings</subfield>
            <subfield code="z">New York (State)</subfield>
          </datafield>
          <datafield tag="650" ind1=" " ind2="7">
            <subfield code="a">Man-woman relationships.</subfield>
            <subfield code="2">fast</subfield>
            <subfield code="0">(OCoLC)fst01007080</subfield>
          </datafield>
          <datafield tag="650" ind1=" " ind2="7">
            <subfield code="a">Young women.</subfield>
            <subfield code="2">fast</subfield>
            <subfield code="0">(OCoLC)fst01183301</subfield>
          </datafield>
          <datafield tag="655" ind1=" " ind2="7">
            <subfield code="a">Publishers' cloth bindings (Binding)</subfield>
            <subfield code="z">United States</subfield>
            <subfield code="y">1928.</subfield>
            <subfield code="2">rbbin</subfield>
          </datafield>
          <datafield tag="655" ind1=" " ind2="7">
            <subfield code="a">Romance fiction.</subfield>
            <subfield code="2">fast</subfield>
            <subfield code="0">(OCoLC)fst01921732</subfield>
          </datafield>
          <datafield tag="655" ind1=" " ind2="7">
            <subfield code="a">Fiction.</subfield>
            <subfield code="2">fast</subfield>
            <subfield code="0">(OCoLC)fst01423787</subfield>
          </datafield>
          <datafield tag="700" ind1="1" ind2=" ">
            <subfield code="a">Barton, Ralph,</subfield>
            <subfield code="d">1891-1931,</subfield>
            <subfield code="e">illustrator.</subfield>
          </datafield>
          <datafield tag="776" ind1="0" ind2="8">
            <subfield code="i">Online version:</subfield>
            <subfield code="a">Loos, Anita, 1893-1981.</subfield>
            <subfield code="t">"But gentlemen marry brunettes".</subfield>
            <subfield code="d">New York, Boni &amp; Liveright, 1928</subfield>
            <subfield code="w">(OCoLC)568171978</subfield>
          </datafield>
          <datafield tag="938" ind1=" " ind2=" ">
            <subfield code="a">Baker &amp; Taylor</subfield>
            <subfield code="b">BKTY</subfield>
            <subfield code="c">26.95</subfield>
            <subfield code="d">24.26</subfield>
            <subfield code="i">1417941669</subfield>
            <subfield code="n">0006217519</subfield>
            <subfield code="s">active</subfield>
          </datafield>
          <datafield tag="948" ind1=" " ind2=" ">
            <subfield code="h">HELD BY MVS - 276 OTHER HOLDINGS</subfield>
          </datafield>
          <datafield tag="994" ind1=" " ind2=" ">
            <subfield code="a">Z0</subfield>
            <subfield code="b">MVS</subfield>
          </datafield>
          <datafield tag="900" ind1="0" ind2=" ">
            <subfield code="b">MILL</subfield>
            <subfield code="c">SCRB</subfield>
            <subfield code="h">Z1033.A84</subfield>
            <subfield code="i">K45 L66x 1928</subfield>
            <subfield code="8">2235984970003569</subfield>
          </datafield>
        </record>
      </metadata>
    </record>