
    <record>
      <header>
        <identifier>oai:alma.01SSHELCOMILLRSVL:997630407203569</identifier>
        <datestamp>2019-02-01T12:06:40Z</datestamp>
        <setSpec>EDS:Set01</setSpec>
      </header>
      <metadata>
        <record xmlns="http://www.loc.gov/MARC21/slim" xmlns:xsi="http://www.w3.org/2001/XMLSchema-instance" xsi:schemaLocation="http://www.loc.gov/MARC21/slim http://www.loc.gov/standards/marcxml/schema/MARC21slim.xsd" >
          <leader>01074nam a2200289Ii 4500</leader>
          <controlfield tag="005">20181214160809.0</controlfield>
          <controlfield tag="008">181214t18751875nyuab         000 0 eng d</controlfield>
          <controlfield tag="001">997630407203569</controlfield>
          <datafield tag="035" ind1=" " ind2=" ">
            <subfield code="a">(OCoLC)1078925463</subfield>
          </datafield>
          <datafield tag="035" ind1=" " ind2=" ">
            <subfield code="a">(OCoLC)on1078925463</subfield>
          </datafield>
          <datafield tag="040" ind1=" " ind2=" ">
            <subfield code="a">MVS</subfield>
            <subfield code="b">eng</subfield>
            <subfield code="e">rda</subfield>
            <subfield code="c">MVS</subfield>
          </datafield>
          <datafield tag="050" ind1=" " ind2="4">
            <subfield code="a">G127</subfield>
            <subfield code="b">.S9623 1875</subfield>
          </datafield>
          <datafield tag="090" ind1=" " ind2=" ">
            <subfield code="a">Z1033.A84</subfield>
            <subfield code="b">R68 S95x 1875</subfield>
          </datafield>
          <datafield tag="100" ind1="1" ind2=" ">
            <subfield code="a">Swinton, William,</subfield>
            <subfield code="d">1833-1892,</subfield>
            <subfield code="e">author.</subfield>
          </datafield>
          <datafield tag="245" ind1="1" ind2="0">
            <subfield code="a">Elementary course in geography :</subfield>
            <subfield code="b">designed for primary and intermediate grades, and as a complete shorter course /</subfield>
            <subfield code="c">by William Swinton.</subfield>
          </datafield>
          <datafield tag="246" ind1="1" ind2="4">
            <subfield code="a">Swinton's elementary geography</subfield>
          </datafield>
          <datafield tag="264" ind1=" " ind2="1">
            <subfield code="a">New York :</subfield>
            <subfield code="b">Ivison, Blakeman, Taylor, and Company,</subfield>
            <subfield code="c">[1875]</subfield>
          </datafield>
          <datafield tag="264" ind1=" " ind2="4">
            <subfield code="c">©1875</subfield>
          </datafield>
          <datafield tag="300" ind1=" " ind2=" ">
            <subfield code="a">138 pages :</subfield>
            <subfield code="b">illustrations, color maps ;</subfield>
            <subfield code="c">27 cm</subfield>
          </datafield>
          <datafield tag="336" ind1=" " ind2=" ">
            <subfield code="a">text</subfield>
            <subfield code="b">txt</subfield>
            <subfield code="2">rdacontent</subfield>
          </datafield>
          <datafield tag="337" ind1=" " ind2=" ">
            <subfield code="a">unmediated</subfield>
            <subfield code="b">n</subfield>
            <subfield code="2">rdamedia</subfield>
          </datafield>
          <datafield tag="338" ind1=" " ind2=" ">
            <subfield code="a">volume</subfield>
            <subfield code="b">nc</subfield>
            <subfield code="2">rdacarrier</subfield>
          </datafield>
          <datafield tag="541" ind1=" " ind2=" ">
            <subfield code="a">Joseph L. Rousseau ;</subfield>
            <subfield code="c">gift,</subfield>
            <subfield code="d">2008.</subfield>
          </datafield>
          <datafield tag="650" ind1=" " ind2="0">
            <subfield code="a">Geography</subfield>
            <subfield code="x">Textbooks.</subfield>
          </datafield>
          <datafield tag="650" ind1=" " ind2="7">
            <subfield code="a">Geography</subfield>
            <subfield code="x">Textbooks.</subfield>
            <subfield code="2">fast</subfield>
            <subfield code="0">(OCoLC)fst00940553</subfield>
          </datafield>
          <datafield tag="948" ind1=" " ind2=" ">
            <subfield code="h">HELD BY MVS - 0 OTHER HOLDINGS</subfield>
          </datafield>
          <datafield tag="994" ind1=" " ind2=" ">
            <subfield code="a">Z0</subfield>
            <subfield code="b">MVS</subfield>
          </datafield>
          <datafield tag="900" ind1="0" ind2=" ">
            <subfield code="b">MILL</subfield>
            <subfield code="c">SCRB</subfield>
            <subfield code="h">Z1033.A84</subfield>
            <subfield code="i">R68 S95x 1875</subfield>
            <subfield code="8">2235945560003569</subfield>
          </datafield>
        </record>
      </metadata>
    </record>