
    <record>
      <header>
        <identifier>oai:alma.01SSHELCOMILLRSVL:997631023103569</identifier>
        <datestamp>2019-02-01T12:06:40Z</datestamp>
        <setSpec>EDS:Set01</setSpec>
      </header>
      <metadata>
        <record xmlns="http://www.loc.gov/MARC21/slim" xmlns:xsi="http://www.w3.org/2001/XMLSchema-instance" xsi:schemaLocation="http://www.loc.gov/MARC21/slim http://www.loc.gov/standards/marcxml/schema/MARC21slim.xsd" >
          <leader>02753cam a22005894a 4500</leader>
          <controlfield tag="005">20180920093729.0</controlfield>
          <controlfield tag="008">991214s2000    vaua     b    001 0 eng  </controlfield>
          <controlfield tag="001">997631023103569</controlfield>
          <datafield tag="010" ind1=" " ind2=" ">
            <subfield code="a">   99050911 </subfield>
          </datafield>
          <datafield tag="020" ind1=" " ind2=" ">
            <subfield code="a">0871203731</subfield>
            <subfield code="q">(pbk.)</subfield>
          </datafield>
          <datafield tag="020" ind1=" " ind2=" ">
            <subfield code="a">9780871203731</subfield>
            <subfield code="q">(pbk.)</subfield>
          </datafield>
          <datafield tag="029" ind1="1" ind2=" ">
            <subfield code="a">AU@</subfield>
            <subfield code="b">000021253189</subfield>
          </datafield>
          <datafield tag="029" ind1="1" ind2=" ">
            <subfield code="a">DEBBG</subfield>
            <subfield code="b">BV013400171</subfield>
          </datafield>
          <datafield tag="029" ind1="1" ind2=" ">
            <subfield code="a">NZ1</subfield>
            <subfield code="b">5459429</subfield>
          </datafield>
          <datafield tag="029" ind1="1" ind2=" ">
            <subfield code="a">YDXCP</subfield>
            <subfield code="b">1663640</subfield>
          </datafield>
          <datafield tag="035" ind1=" " ind2=" ">
            <subfield code="a">(OCoLC)43050025</subfield>
          </datafield>
          <datafield tag="035" ind1=" " ind2=" ">
            <subfield code="a">(OCoLC)ocm43050025 </subfield>
          </datafield>
          <datafield tag="040" ind1=" " ind2=" ">
            <subfield code="a">DLC</subfield>
            <subfield code="b">eng</subfield>
            <subfield code="c">DLC</subfield>
            <subfield code="d">LVB</subfield>
            <subfield code="d">BAKER</subfield>
            <subfield code="d">BTCTA</subfield>
            <subfield code="d">YDXCP</subfield>
            <subfield code="d">OCLCG</subfield>
            <subfield code="d">STF</subfield>
            <subfield code="d">OCLCQ</subfield>
            <subfield code="d">UBY</subfield>
            <subfield code="d">DEBBG</subfield>
            <subfield code="d">IG#</subfield>
            <subfield code="d">OCLCQ</subfield>
            <subfield code="d">BDX</subfield>
            <subfield code="d">OCLCO</subfield>
            <subfield code="d">EOS</subfield>
            <subfield code="d">OCLCQ</subfield>
            <subfield code="d">OCLCO</subfield>
            <subfield code="d">OCLCQ</subfield>
            <subfield code="d">OCLCF</subfield>
            <subfield code="d">OCLCO</subfield>
            <subfield code="d">OKR</subfield>
            <subfield code="d">CCH</subfield>
            <subfield code="d">OCLCO</subfield>
            <subfield code="d">CNO</subfield>
            <subfield code="d">OCLCO</subfield>
            <subfield code="d">XFF</subfield>
            <subfield code="d">OCLCO</subfield>
            <subfield code="d">MVS</subfield>
          </datafield>
          <datafield tag="042" ind1=" " ind2=" ">
            <subfield code="a">pcc</subfield>
          </datafield>
          <datafield tag="043" ind1=" " ind2=" ">
            <subfield code="a">n-us---</subfield>
          </datafield>
          <datafield tag="049" ind1=" " ind2=" ">
            <subfield code="a">MVSS</subfield>
          </datafield>
          <datafield tag="050" ind1="0" ind2="0">
            <subfield code="a">LB1072</subfield>
            <subfield code="b">.K48 2000</subfield>
          </datafield>
          <datafield tag="082" ind1="0" ind2="0">
            <subfield code="a">373.17/82</subfield>
            <subfield code="2">21</subfield>
          </datafield>
          <datafield tag="084" ind1=" " ind2=" ">
            <subfield code="a">5,3</subfield>
            <subfield code="2">ssgn</subfield>
          </datafield>
          <datafield tag="084" ind1=" " ind2=" ">
            <subfield code="a">D 1200</subfield>
            <subfield code="2">dopaed</subfield>
          </datafield>
          <datafield tag="084" ind1=" " ind2=" ">
            <subfield code="a">D 2220</subfield>
            <subfield code="2">dopaed</subfield>
          </datafield>
          <datafield tag="100" ind1="1" ind2=" ">
            <subfield code="a">Kessler, Rachael,</subfield>
            <subfield code="d">1946-</subfield>
          </datafield>
          <datafield tag="245" ind1="1" ind2="4">
            <subfield code="a">The soul of education :</subfield>
            <subfield code="b">helping students find connection, compassion, and character at school /</subfield>
            <subfield code="c">Rachael Kessler.</subfield>
          </datafield>
          <datafield tag="260" ind1=" " ind2=" ">
            <subfield code="a">Alexandria, Va. :</subfield>
            <subfield code="b">Association for Supervision and Curriculum Development,</subfield>
            <subfield code="c">©2000.</subfield>
          </datafield>
          <datafield tag="300" ind1=" " ind2=" ">
            <subfield code="a">xviii, 181 pages :</subfield>
            <subfield code="b">illustrations ;</subfield>
            <subfield code="c">24 cm</subfield>
          </datafield>
          <datafield tag="336" ind1=" " ind2=" ">
            <subfield code="a">text</subfield>
            <subfield code="b">txt</subfield>
            <subfield code="2">rdacontent</subfield>
          </datafield>
          <datafield tag="337" ind1=" " ind2=" ">
            <subfield code="a">unmediated</subfield>
            <subfield code="b">n</subfield>
            <subfield code="2">rdamedia</subfield>
          </datafield>
          <datafield tag="338" ind1=" " ind2=" ">
            <subfield code="a">volume</subfield>
            <subfield code="b">nc</subfield>
            <subfield code="2">rdacarrier</subfield>
          </datafield>
          <datafield tag="504" ind1=" " ind2=" ">
            <subfield code="a">Includes bibliographical references (pages 172-176) and index.</subfield>
          </datafield>
          <datafield tag="505" ind1="0" ind2=" ">
            <subfield code="a">Honoring young voices -- Deep connection -- Silence and stillness -- Meaning and purpose -- Joy -- Creativity -- Transcendence -- Initiation -- Conclusion: from fear to dialogue, from standoff to collaboration.</subfield>
          </datafield>
          <datafield tag="500" ind1=" " ind2=" ">
            <subfield code="a">"ASCD stock no. 100045"--Title page verso.</subfield>
          </datafield>
          <datafield tag="520" ind1=" " ind2=" ">
            <subfield code="a">Explores the spiritual dimension of education, and discusses ways to nourish the spiritual development of adolescents in public schools without violating anyone's legal rights.</subfield>
          </datafield>
          <datafield tag="650" ind1=" " ind2="0">
            <subfield code="a">Affective education</subfield>
            <subfield code="z">United States.</subfield>
          </datafield>
          <datafield tag="650" ind1=" " ind2="0">
            <subfield code="a">Emotions</subfield>
            <subfield code="x">Study and teaching (Secondary)</subfield>
            <subfield code="z">United States.</subfield>
          </datafield>
          <datafield tag="650" ind1=" " ind2="0">
            <subfield code="a">Social skills</subfield>
            <subfield code="x">Study and teaching (Secondary)</subfield>
            <subfield code="z">United States.</subfield>
          </datafield>
          <datafield tag="650" ind1=" " ind2="0">
            <subfield code="a">Education, Secondary</subfield>
            <subfield code="x">Activity programs</subfield>
            <subfield code="z">United States.</subfield>
          </datafield>
          <datafield tag="650" ind1=" " ind2="7">
            <subfield code="a">Affective education.</subfield>
            <subfield code="2">fast</subfield>
            <subfield code="0">(OCoLC)fst00798871</subfield>
          </datafield>
          <datafield tag="650" ind1=" " ind2="7">
            <subfield code="a">Education, Secondary</subfield>
            <subfield code="x">Activity programs.</subfield>
            <subfield code="2">fast</subfield>
            <subfield code="0">(OCoLC)fst00903254</subfield>
          </datafield>
          <datafield tag="650" ind1=" " ind2="7">
            <subfield code="a">Social skills</subfield>
            <subfield code="x">Study and teaching (Secondary)</subfield>
            <subfield code="2">fast</subfield>
            <subfield code="0">(OCoLC)fst01123341</subfield>
          </datafield>
          <datafield tag="651" ind1=" " ind2="7">
            <subfield code="a">United States.</subfield>
            <subfield code="2">fast</subfield>
            <subfield code="0">(OCoLC)fst01204155</subfield>
          </datafield>
          <datafield tag="938" ind1=" " ind2=" ">
            <subfield code="a">Baker &amp; Taylor</subfield>
            <subfield code="b">BKTY</subfield>
            <subfield code="c">23.95</subfield>
            <subfield code="d">28.90</subfield>
            <subfield code="i">0871203731</subfield>
            <subfield code="n">0003473579</subfield>
            <subfield code="s">active</subfield>
          </datafield>
          <datafield tag="938" ind1=" " ind2=" ">
            <subfield code="a">Brodart</subfield>
            <subfield code="b">BROD</subfield>
            <subfield code="n">55597610</subfield>
            <subfield code="c">$29.95</subfield>
          </datafield>
          <datafield tag="938" ind1=" " ind2=" ">
            <subfield code="a">Baker and Taylor</subfield>
            <subfield code="b">BTCP</subfield>
            <subfield code="n">99050911</subfield>
          </datafield>
          <datafield tag="938" ind1=" " ind2=" ">
            <subfield code="a">Ingram</subfield>
            <subfield code="b">INGR</subfield>
            <subfield code="n">9780871203731</subfield>
          </datafield>
          <datafield tag="938" ind1=" " ind2=" ">
            <subfield code="a">YBP Library Services</subfield>
            <subfield code="b">YANK</subfield>
            <subfield code="n">1663640</subfield>
          </datafield>
          <datafield tag="949" ind1=" " ind2=" ">
            <subfield code="b">33151009167091</subfield>
          </datafield>
          <datafield tag="994" ind1=" " ind2=" ">
            <subfield code="a">C0</subfield>
            <subfield code="b">MVS</subfield>
          </datafield>
          <datafield tag="900" ind1="0" ind2=" ">
            <subfield code="b">MILL</subfield>
            <subfield code="c">B</subfield>
            <subfield code="h">LB1072</subfield>
            <subfield code="i">.K48 2000</subfield>
            <subfield code="8">2236038480003569</subfield>
          </datafield>
        </record>
      </metadata>
    </record>