
    <record>
      <header>
        <identifier>oai:alma.01SSHELCOMILLRSVL:997630419103569</identifier>
        <datestamp>2019-02-01T12:06:40Z</datestamp>
        <setSpec>EDS:Set01</setSpec>
      </header>
      <metadata>
        <record xmlns="http://www.loc.gov/MARC21/slim" xmlns:xsi="http://www.w3.org/2001/XMLSchema-instance" xsi:schemaLocation="http://www.loc.gov/MARC21/slim http://www.loc.gov/standards/marcxml/schema/MARC21slim.xsd" >
          <leader>02239cam a2200553 a 4500</leader>
          <controlfield tag="005">20180919101546.0</controlfield>
          <controlfield tag="007">cr#|||||||||||</controlfield>
          <controlfield tag="008">821016s1890    pau           001 0 eng  </controlfield>
          <controlfield tag="001">997630419103569</controlfield>
          <datafield tag="016" ind1="7" ind2=" ">
            <subfield code="a">66640380R</subfield>
            <subfield code="2">DNLM</subfield>
          </datafield>
          <datafield tag="019" ind1=" " ind2=" ">
            <subfield code="a">8428363</subfield>
          </datafield>
          <datafield tag="035" ind1=" " ind2=" ">
            <subfield code="a">(OCoLC)14773815</subfield>
            <subfield code="z">(OCoLC)8428363</subfield>
          </datafield>
          <datafield tag="035" ind1=" " ind2=" ">
            <subfield code="a">(OCoLC)ocm14773815 </subfield>
          </datafield>
          <datafield tag="040" ind1=" " ind2=" ">
            <subfield code="a">NLM</subfield>
            <subfield code="b">eng</subfield>
            <subfield code="c">NLM</subfield>
            <subfield code="d">PLF</subfield>
            <subfield code="d">SBH</subfield>
            <subfield code="d">CUV</subfield>
            <subfield code="d">RLINP</subfield>
            <subfield code="d">CUN</subfield>
            <subfield code="d">UAB</subfield>
            <subfield code="d">AMAZN</subfield>
            <subfield code="d">OCLCF</subfield>
            <subfield code="d">OCLCQ</subfield>
            <subfield code="d">OCLCO</subfield>
            <subfield code="d">OCLCQ</subfield>
            <subfield code="d">NLM</subfield>
            <subfield code="d">OCLCO</subfield>
            <subfield code="d">OCLCA</subfield>
          </datafield>
          <datafield tag="041" ind1="1" ind2=" ">
            <subfield code="a">eng</subfield>
            <subfield code="h">fre</subfield>
          </datafield>
          <datafield tag="050" ind1=" " ind2="4">
            <subfield code="a">RX621.AL1</subfield>
            <subfield code="b">G13</subfield>
          </datafield>
          <datafield tag="060" ind1="0" ind2="0">
            <subfield code="a">WMA</subfield>
            <subfield code="b">G165a 1890</subfield>
          </datafield>
          <datafield tag="060" ind1="0" ind2="0">
            <subfield code="a">Film 6709 no. 5</subfield>
          </datafield>
          <datafield tag="082" ind1="0" ind2="4">
            <subfield code="a">616.861</subfield>
            <subfield code="b">G13</subfield>
          </datafield>
          <datafield tag="090" ind1=" " ind2=" ">
            <subfield code="a">RX621</subfield>
            <subfield code="b">.G34x 1890</subfield>
          </datafield>
          <datafield tag="100" ind1="1" ind2=" ">
            <subfield code="a">Gallavardin, Jean-Pierre.</subfield>
          </datafield>
          <datafield tag="240" ind1="1" ind2="0">
            <subfield code="a">Alcholisme et criminalité.</subfield>
            <subfield code="k">Selections.</subfield>
            <subfield code="l">English</subfield>
          </datafield>
          <datafield tag="245" ind1="1" ind2="4">
            <subfield code="a">The homoeopathic treatment of alcoholism /</subfield>
            <subfield code="c">by Doctor Gallavardin ; translated from the French by Irenaeus D. Foulon.</subfield>
          </datafield>
          <datafield tag="260" ind1=" " ind2=" ">
            <subfield code="a">Philadelphia :</subfield>
            <subfield code="b">Hahnemann Pub. House,</subfield>
            <subfield code="c">1890.</subfield>
          </datafield>
          <datafield tag="300" ind1=" " ind2=" ">
            <subfield code="a">138 pages ;</subfield>
            <subfield code="c">20 cm</subfield>
          </datafield>
          <datafield tag="336" ind1=" " ind2=" ">
            <subfield code="a">text</subfield>
            <subfield code="b">txt</subfield>
            <subfield code="2">rdacontent</subfield>
          </datafield>
          <datafield tag="337" ind1=" " ind2=" ">
            <subfield code="a">unmediated</subfield>
            <subfield code="b">n</subfield>
            <subfield code="2">rdamedia</subfield>
          </datafield>
          <datafield tag="338" ind1=" " ind2=" ">
            <subfield code="a">volume</subfield>
            <subfield code="b">nc</subfield>
            <subfield code="2">rdacarrier</subfield>
          </datafield>
          <datafield tag="500" ind1=" " ind2=" ">
            <subfield code="a">Translation of the portions of Alcholisme et criminalité which discuss therapeutics.</subfield>
          </datafield>
          <datafield tag="500" ind1=" " ind2=" ">
            <subfield code="a">Includes index.</subfield>
          </datafield>
          <datafield tag="530" ind1=" " ind2=" ">
            <subfield code="a">Also available online.</subfield>
          </datafield>
          <datafield tag="561" ind1=" " ind2=" ">
            <subfield code="a">NLM copy, inscription, E.L. Hussey, M.D. Buffalo, N.Y., on inserted leaf at front.</subfield>
            <subfield code="5">DNLM</subfield>
          </datafield>
          <datafield tag="583" ind1=" " ind2=" ">
            <subfield code="a">Condition reviewed</subfield>
            <subfield code="c">20121211</subfield>
            <subfield code="l">conservation not necessary</subfield>
            <subfield code="2">pda</subfield>
            <subfield code="5">DNLM</subfield>
          </datafield>
          <datafield tag="583" ind1="1" ind2=" ">
            <subfield code="a">digitized.</subfield>
            <subfield code="c">2013</subfield>
            <subfield code="z">NLM permanence rating:</subfield>
            <subfield code="l">Permanent: Stable content</subfield>
            <subfield code="2">pda</subfield>
            <subfield code="5">DNLM</subfield>
          </datafield>
          <datafield tag="650" ind1=" " ind2="0">
            <subfield code="a">Alcoholism</subfield>
            <subfield code="x">Treatment.</subfield>
          </datafield>
          <datafield tag="650" ind1=" " ind2="0">
            <subfield code="a">Homeopathy.</subfield>
          </datafield>
          <datafield tag="650" ind1=" " ind2="6">
            <subfield code="a">Alcoolisme</subfield>
            <subfield code="x">Traitement.</subfield>
          </datafield>
          <datafield tag="650" ind1=" " ind2="7">
            <subfield code="a">Alcoholism</subfield>
            <subfield code="x">Treatment.</subfield>
            <subfield code="2">fast</subfield>
            <subfield code="0">(OCoLC)fst00804565</subfield>
          </datafield>
          <datafield tag="650" ind1=" " ind2="7">
            <subfield code="a">Homeopathy.</subfield>
            <subfield code="2">fast</subfield>
            <subfield code="0">(OCoLC)fst00959590</subfield>
          </datafield>
          <datafield tag="650" ind1=" " ind2="7">
            <subfield code="a">Homéopathie.</subfield>
            <subfield code="2">ram</subfield>
          </datafield>
          <datafield tag="650" ind1="1" ind2="2">
            <subfield code="a">Alcoholism</subfield>
            <subfield code="x">therapy.</subfield>
          </datafield>
          <datafield tag="650" ind1="2" ind2="2">
            <subfield code="a">Homeopathy.</subfield>
          </datafield>
          <datafield tag="700" ind1="1" ind2=" ">
            <subfield code="a">Foulon, Irenaeus D.,</subfield>
            <subfield code="e">translator.</subfield>
          </datafield>
          <datafield tag="776" ind1="0" ind2="8">
            <subfield code="i">Also issued on microfilm.</subfield>
            <subfield code="d">[Bethesda, Md.] : National Library of Medicine, 1994.</subfield>
            <subfield code="h">1 microfilm reel : negative ; 35 mm.</subfield>
          </datafield>
          <datafield tag="856" ind1="4" ind2=" ">
            <subfield code="u">http://resource.nlm.nih.gov/66640380R</subfield>
          </datafield>
          <datafield tag="938" ind1=" " ind2=" ">
            <subfield code="a">AMAZON</subfield>
            <subfield code="b">AMZN</subfield>
            <subfield code="n">B002L3TSIY</subfield>
          </datafield>
          <datafield tag="948" ind1=" " ind2=" ">
            <subfield code="h">HELD BY MVS - 17 OTHER HOLDINGS</subfield>
          </datafield>
          <datafield tag="949" ind1=" " ind2=" ">
            <subfield code="i">AUTHORITY</subfield>
          </datafield>
          <datafield tag="994" ind1=" " ind2=" ">
            <subfield code="a">Z0</subfield>
            <subfield code="b">MVS</subfield>
          </datafield>
          <datafield tag="900" ind1="0" ind2=" ">
            <subfield code="b">MILL</subfield>
            <subfield code="c">SC</subfield>
            <subfield code="h">RX621</subfield>
            <subfield code="i">.G34x 1890</subfield>
            <subfield code="8">2235947790003569</subfield>
          </datafield>
        </record>
      </metadata>
    </record>