
    <record>
      <header>
        <identifier>oai:alma.01SSHELCOMILLRSVL:997644525303569</identifier>
        <datestamp>2019-02-01T12:06:40Z</datestamp>
        <setSpec>EDS:Set01</setSpec>
      </header>
      <metadata>
        <record xmlns="http://www.loc.gov/MARC21/slim" xmlns:xsi="http://www.w3.org/2001/XMLSchema-instance" xsi:schemaLocation="http://www.loc.gov/MARC21/slim http://www.loc.gov/standards/marcxml/schema/MARC21slim.xsd" >
          <leader>02314cam a2200493Ia 4500</leader>
          <controlfield tag="005">20190123113531.0</controlfield>
          <controlfield tag="008">040625s2004    nyua   j      000 f eng  </controlfield>
          <controlfield tag="001">997644525303569</controlfield>
          <datafield tag="020" ind1=" " ind2=" ">
            <subfield code="a">0448437570</subfield>
            <subfield code="q">(hbk.)</subfield>
          </datafield>
          <datafield tag="020" ind1=" " ind2=" ">
            <subfield code="a">9780448437576</subfield>
            <subfield code="q">(hbk.)</subfield>
          </datafield>
          <datafield tag="029" ind1="1" ind2=" ">
            <subfield code="a">NZ1</subfield>
            <subfield code="b">11636081</subfield>
          </datafield>
          <datafield tag="035" ind1=" " ind2=" ">
            <subfield code="a">(OCoLC)55739142</subfield>
          </datafield>
          <datafield tag="035" ind1=" " ind2=" ">
            <subfield code="a">(OCoLC)ocm55739142 </subfield>
          </datafield>
          <datafield tag="040" ind1=" " ind2=" ">
            <subfield code="a">WIM</subfield>
            <subfield code="b">eng</subfield>
            <subfield code="c">WIM</subfield>
            <subfield code="d">OCLCQ</subfield>
            <subfield code="d">XY4</subfield>
            <subfield code="d">IBS</subfield>
            <subfield code="d">BAKER</subfield>
            <subfield code="d">BTCTA</subfield>
            <subfield code="d">CQU</subfield>
            <subfield code="d">SJL</subfield>
            <subfield code="d">OCLCQ</subfield>
            <subfield code="d">IHI</subfield>
            <subfield code="d">OCLCQ</subfield>
            <subfield code="d">BDX</subfield>
            <subfield code="d">YDXCP</subfield>
            <subfield code="d">OCLCQ</subfield>
            <subfield code="d">OCLCF</subfield>
            <subfield code="d">OCLCO</subfield>
            <subfield code="d">NZHSD</subfield>
            <subfield code="d">OCLCO</subfield>
            <subfield code="d">MVS</subfield>
          </datafield>
          <datafield tag="049" ind1=" " ind2=" ">
            <subfield code="a">MVSS</subfield>
          </datafield>
          <datafield tag="050" ind1="1" ind2="4">
            <subfield code="a">PZ7.H772</subfield>
            <subfield code="b">Bon 1990</subfield>
          </datafield>
          <datafield tag="082" ind1="0" ind2="4">
            <subfield code="a">[Fic]</subfield>
            <subfield code="2">22</subfield>
          </datafield>
          <datafield tag="100" ind1="1" ind2=" ">
            <subfield code="a">Hope, Laura Lee.</subfield>
          </datafield>
          <datafield tag="245" ind1="1" ind2="4">
            <subfield code="a">The Bobbsey twins on a houseboat /</subfield>
            <subfield code="c">Laura Lee Hope.</subfield>
          </datafield>
          <datafield tag="250" ind1=" " ind2=" ">
            <subfield code="a">Classic ed.</subfield>
          </datafield>
          <datafield tag="260" ind1=" " ind2=" ">
            <subfield code="a">New York :</subfield>
            <subfield code="b">Grosset &amp; Dunlap,</subfield>
            <subfield code="c">2004.</subfield>
          </datafield>
          <datafield tag="300" ind1=" " ind2=" ">
            <subfield code="a">184 pages :</subfield>
            <subfield code="b">illustrations ;</subfield>
            <subfield code="c">20 cm.</subfield>
          </datafield>
          <datafield tag="336" ind1=" " ind2=" ">
            <subfield code="a">text</subfield>
            <subfield code="b">txt</subfield>
            <subfield code="2">rdacontent</subfield>
          </datafield>
          <datafield tag="337" ind1=" " ind2=" ">
            <subfield code="a">unmediated</subfield>
            <subfield code="b">n</subfield>
            <subfield code="2">rdamedia</subfield>
          </datafield>
          <datafield tag="338" ind1=" " ind2=" ">
            <subfield code="a">volume</subfield>
            <subfield code="b">nc</subfield>
            <subfield code="2">rdacarrier</subfield>
          </datafield>
          <datafield tag="490" ind1="1" ind2=" ">
            <subfield code="a">The Bobbsey twins ;</subfield>
            <subfield code="v">6</subfield>
          </datafield>
          <datafield tag="505" ind1="0" ind2=" ">
            <subfield code="a">Boat fire -- Wonderful news -- Toy christening -- Captain -- "Bluebird" sails -- Cat overboard! -- Nan's mishap -- "Abandon ship!" -- Two young heroes -- Cruel man -- Mysterious noise -- Runaway -- Call for help -- Tomahawk Island -- Flossie plays detective -- Turnabout trick -- Sea-biscuit yarn -- Indian ghosts -- Mean accusation -- Arrow Falls' secret -- Strange night -- Happy stowaway.</subfield>
          </datafield>
          <datafield tag="520" ind1=" " ind2=" ">
            <subfield code="a">The Bobbseys set sail on a houseboat where mystery and intrigue await.</subfield>
          </datafield>
          <datafield tag="650" ind1=" " ind2="0">
            <subfield code="a">Bobbsey Twins (Fictitious characters)</subfield>
            <subfield code="v">Juvenile fiction.</subfield>
          </datafield>
          <datafield tag="650" ind1=" " ind2="0">
            <subfield code="a">Twins</subfield>
            <subfield code="v">Juvenile fiction.</subfield>
          </datafield>
          <datafield tag="650" ind1=" " ind2="7">
            <subfield code="a">Bobbsey Twins (Fictitious characters)</subfield>
            <subfield code="2">fast</subfield>
            <subfield code="0">(OCoLC)fst00835248</subfield>
          </datafield>
          <datafield tag="650" ind1=" " ind2="7">
            <subfield code="a">Twins.</subfield>
            <subfield code="2">fast</subfield>
            <subfield code="0">(OCoLC)fst01159851</subfield>
          </datafield>
          <datafield tag="655" ind1=" " ind2="0">
            <subfield code="a">Detective and mystery stories</subfield>
            <subfield code="v">Juvenile literature.</subfield>
          </datafield>
          <datafield tag="655" ind1=" " ind2="0">
            <subfield code="a">Children's stories.</subfield>
          </datafield>
          <datafield tag="655" ind1=" " ind2="7">
            <subfield code="a">Detective and mystery fiction.</subfield>
            <subfield code="2">fast</subfield>
            <subfield code="0">(OCoLC)fst01726581</subfield>
          </datafield>
          <datafield tag="655" ind1=" " ind2="7">
            <subfield code="a">Fiction.</subfield>
            <subfield code="2">fast</subfield>
            <subfield code="0">(OCoLC)fst01423787</subfield>
          </datafield>
          <datafield tag="655" ind1=" " ind2="7">
            <subfield code="a">Juvenile works.</subfield>
            <subfield code="2">fast</subfield>
            <subfield code="0">(OCoLC)fst01411637</subfield>
          </datafield>
          <datafield tag="800" ind1="1" ind2=" ">
            <subfield code="a">Hope, Laura Lee.</subfield>
            <subfield code="t">Bobbsey twins (Grosset &amp; Dunlap : 2004) ;</subfield>
            <subfield code="v">6.</subfield>
          </datafield>
          <datafield tag="938" ind1=" " ind2=" ">
            <subfield code="a">Baker &amp; Taylor</subfield>
            <subfield code="b">BKTY</subfield>
            <subfield code="c">5.99</subfield>
            <subfield code="d">4.49</subfield>
            <subfield code="i">0448437570</subfield>
            <subfield code="n">0006024525</subfield>
            <subfield code="s">active</subfield>
          </datafield>
          <datafield tag="938" ind1=" " ind2=" ">
            <subfield code="a">Brodart</subfield>
            <subfield code="b">BROD</subfield>
            <subfield code="n">02140527</subfield>
            <subfield code="c">$5.99</subfield>
          </datafield>
          <datafield tag="938" ind1=" " ind2=" ">
            <subfield code="a">Baker and Taylor</subfield>
            <subfield code="b">BTCP</subfield>
            <subfield code="n">BK0006024525</subfield>
          </datafield>
          <datafield tag="938" ind1=" " ind2=" ">
            <subfield code="a">YBP Library Services</subfield>
            <subfield code="b">YANK</subfield>
            <subfield code="n">8135584</subfield>
          </datafield>
          <datafield tag="949" ind1=" " ind2=" ">
            <subfield code="b">33151009178841</subfield>
          </datafield>
          <datafield tag="994" ind1=" " ind2=" ">
            <subfield code="a">C0</subfield>
            <subfield code="b">MVS</subfield>
          </datafield>
          <datafield tag="900" ind1="0" ind2=" ">
            <subfield code="b">MILL</subfield>
            <subfield code="c">J</subfield>
            <subfield code="h">PZ7.H772</subfield>
            <subfield code="i">Bon 1990</subfield>
            <subfield code="8">2237558620003569</subfield>
          </datafield>
        </record>
      </metadata>
    </record>