
    <record>
      <header>
        <identifier>oai:alma.01SSHELCOMILLRSVL:997639426103569</identifier>
        <datestamp>2019-02-01T12:06:40Z</datestamp>
        <setSpec>EDS:Set01</setSpec>
      </header>
      <metadata>
        <record xmlns="http://www.loc.gov/MARC21/slim" xmlns:xsi="http://www.w3.org/2001/XMLSchema-instance" xsi:schemaLocation="http://www.loc.gov/MARC21/slim http://www.loc.gov/standards/marcxml/schema/MARC21slim.xsd" >
          <leader>02911cam a2200673Ia 4500</leader>
          <controlfield tag="005">20181126151028.0</controlfield>
          <controlfield tag="008">961120t19951994nmuab    b   s001 0 eng d</controlfield>
          <controlfield tag="001">997639426103569</controlfield>
          <datafield tag="010" ind1=" " ind2=" ">
            <subfield code="a">   93039274 </subfield>
          </datafield>
          <datafield tag="020" ind1=" " ind2=" ">
            <subfield code="a">0826316492</subfield>
          </datafield>
          <datafield tag="020" ind1=" " ind2=" ">
            <subfield code="a">9780826316493</subfield>
          </datafield>
          <datafield tag="035" ind1=" " ind2=" ">
            <subfield code="a">(OCoLC)35963451</subfield>
          </datafield>
          <datafield tag="035" ind1=" " ind2=" ">
            <subfield code="a">(OCoLC)ocm35963451 </subfield>
          </datafield>
          <datafield tag="040" ind1=" " ind2=" ">
            <subfield code="a">UWC</subfield>
            <subfield code="b">eng</subfield>
            <subfield code="c">UWC</subfield>
            <subfield code="d">BAKER</subfield>
            <subfield code="d">YDXCP</subfield>
            <subfield code="d">BDX</subfield>
            <subfield code="d">OCLCQ</subfield>
            <subfield code="d">OCLCO</subfield>
            <subfield code="d">KLD</subfield>
            <subfield code="d">OCLCF</subfield>
            <subfield code="d">OCLCA</subfield>
          </datafield>
          <datafield tag="043" ind1=" " ind2=" ">
            <subfield code="a">n-mx---</subfield>
            <subfield code="a">n-ust--</subfield>
            <subfield code="a">n-us-ca</subfield>
          </datafield>
          <datafield tag="050" ind1=" " ind2="4">
            <subfield code="a">F1219</subfield>
            <subfield code="b">.J28 1995</subfield>
          </datafield>
          <datafield tag="082" ind1=" " ind2="4">
            <subfield code="a">271.5</subfield>
            <subfield code="b">J13i</subfield>
          </datafield>
          <datafield tag="090" ind1=" " ind2=" ">
            <subfield code="a">F1219</subfield>
            <subfield code="b">.J28x 1995</subfield>
          </datafield>
          <datafield tag="100" ind1="1" ind2=" ">
            <subfield code="a">Jackson, Robert H.</subfield>
            <subfield code="q">(Robert Howard)</subfield>
          </datafield>
          <datafield tag="245" ind1="1" ind2="0">
            <subfield code="a">Indian population decline :</subfield>
            <subfield code="b">the missions of northwestern New Spain, 1687-1840 /</subfield>
            <subfield code="c">Robert H. Jackson.</subfield>
          </datafield>
          <datafield tag="250" ind1=" " ind2=" ">
            <subfield code="a">1st pbk. ed.</subfield>
          </datafield>
          <datafield tag="260" ind1=" " ind2=" ">
            <subfield code="a">Albuquerque :</subfield>
            <subfield code="b">University of New Mexico Press,</subfield>
            <subfield code="c">1995.</subfield>
          </datafield>
          <datafield tag="264" ind1=" " ind2="4">
            <subfield code="c">©1994</subfield>
          </datafield>
          <datafield tag="300" ind1=" " ind2=" ">
            <subfield code="a">xii, 229 pages :</subfield>
            <subfield code="b">illustrations, maps ;</subfield>
            <subfield code="c">23 cm</subfield>
          </datafield>
          <datafield tag="336" ind1=" " ind2=" ">
            <subfield code="a">text</subfield>
            <subfield code="b">txt</subfield>
            <subfield code="2">rdacontent</subfield>
          </datafield>
          <datafield tag="337" ind1=" " ind2=" ">
            <subfield code="a">unmediated</subfield>
            <subfield code="b">n</subfield>
            <subfield code="2">rdamedia</subfield>
          </datafield>
          <datafield tag="338" ind1=" " ind2=" ">
            <subfield code="a">volume</subfield>
            <subfield code="b">nc</subfield>
            <subfield code="2">rdacarrier</subfield>
          </datafield>
          <datafield tag="504" ind1=" " ind2=" ">
            <subfield code="a">Includes bibliographical references (pages 211-218) and index.</subfield>
          </datafield>
          <datafield tag="610" ind1="2" ind2="0">
            <subfield code="a">Jesuits</subfield>
            <subfield code="x">Missions</subfield>
            <subfield code="z">New Spain</subfield>
            <subfield code="x">History</subfield>
            <subfield code="v">Sources.</subfield>
          </datafield>
          <datafield tag="610" ind1="2" ind2="7">
            <subfield code="a">Jesuits.</subfield>
            <subfield code="2">fast</subfield>
            <subfield code="0">(OCoLC)fst00532143</subfield>
          </datafield>
          <datafield tag="650" ind1=" " ind2="0">
            <subfield code="a">Indians of Mexico</subfield>
            <subfield code="z">New Spain</subfield>
            <subfield code="x">Population.</subfield>
          </datafield>
          <datafield tag="650" ind1=" " ind2="0">
            <subfield code="a">Indians of North America</subfield>
            <subfield code="z">California</subfield>
            <subfield code="x">Population.</subfield>
          </datafield>
          <datafield tag="650" ind1=" " ind2="0">
            <subfield code="a">Indians of Mexico</subfield>
            <subfield code="x">Missions</subfield>
            <subfield code="z">New Spain</subfield>
            <subfield code="x">History.</subfield>
          </datafield>
          <datafield tag="650" ind1=" " ind2="0">
            <subfield code="a">Indians of North America</subfield>
            <subfield code="x">Missions</subfield>
            <subfield code="z">California</subfield>
            <subfield code="x">History.</subfield>
          </datafield>
          <datafield tag="650" ind1=" " ind2="0">
            <subfield code="a">Indians of Mexico</subfield>
            <subfield code="x">Diseases</subfield>
            <subfield code="z">New Spain</subfield>
            <subfield code="x">History.</subfield>
          </datafield>
          <datafield tag="650" ind1=" " ind2="0">
            <subfield code="a">Indians of North America</subfield>
            <subfield code="x">Diseases</subfield>
            <subfield code="z">California</subfield>
            <subfield code="x">History.</subfield>
          </datafield>
          <datafield tag="650" ind1=" " ind2="0">
            <subfield code="a">Jesuits</subfield>
            <subfield code="x">Missions</subfield>
            <subfield code="z">California</subfield>
            <subfield code="x">History</subfield>
            <subfield code="v">Sources.</subfield>
          </datafield>
          <datafield tag="650" ind1=" " ind2="0">
            <subfield code="a">Ethnohistory</subfield>
            <subfield code="z">New Spain.</subfield>
          </datafield>
          <datafield tag="650" ind1=" " ind2="0">
            <subfield code="a">Ethnohistory</subfield>
            <subfield code="z">California.</subfield>
          </datafield>
          <datafield tag="650" ind1=" " ind2="0">
            <subfield code="a">Epidemics</subfield>
            <subfield code="z">New Spain</subfield>
            <subfield code="x">History</subfield>
            <subfield code="v">Sources.</subfield>
          </datafield>
          <datafield tag="650" ind1=" " ind2="0">
            <subfield code="a">Epidemics</subfield>
            <subfield code="z">California</subfield>
            <subfield code="x">History</subfield>
            <subfield code="v">Sources.</subfield>
          </datafield>
          <datafield tag="650" ind1=" " ind2="7">
            <subfield code="a">Epidemics.</subfield>
            <subfield code="2">fast</subfield>
            <subfield code="0">(OCoLC)fst00914079</subfield>
          </datafield>
          <datafield tag="650" ind1=" " ind2="7">
            <subfield code="a">Ethnohistory.</subfield>
            <subfield code="2">fast</subfield>
            <subfield code="0">(OCoLC)fst00916090</subfield>
          </datafield>
          <datafield tag="650" ind1=" " ind2="7">
            <subfield code="a">Indians of Mexico</subfield>
            <subfield code="x">Diseases.</subfield>
            <subfield code="2">fast</subfield>
            <subfield code="0">(OCoLC)fst00969539</subfield>
          </datafield>
          <datafield tag="650" ind1=" " ind2="7">
            <subfield code="a">Indians of Mexico</subfield>
            <subfield code="x">Missions.</subfield>
            <subfield code="2">fast</subfield>
            <subfield code="0">(OCoLC)fst00969594</subfield>
          </datafield>
          <datafield tag="650" ind1=" " ind2="7">
            <subfield code="a">Indians of Mexico</subfield>
            <subfield code="x">Population.</subfield>
            <subfield code="2">fast</subfield>
            <subfield code="0">(OCoLC)fst00969610</subfield>
          </datafield>
          <datafield tag="650" ind1=" " ind2="7">
            <subfield code="a">Indians of North America</subfield>
            <subfield code="x">Diseases.</subfield>
            <subfield code="2">fast</subfield>
            <subfield code="0">(OCoLC)fst00969699</subfield>
          </datafield>
          <datafield tag="650" ind1=" " ind2="7">
            <subfield code="a">Indians of North America</subfield>
            <subfield code="x">Missions.</subfield>
            <subfield code="2">fast</subfield>
            <subfield code="0">(OCoLC)fst00969849</subfield>
          </datafield>
          <datafield tag="650" ind1=" " ind2="7">
            <subfield code="a">Indians of North America</subfield>
            <subfield code="x">Population.</subfield>
            <subfield code="2">fast</subfield>
            <subfield code="0">(OCoLC)fst00969877</subfield>
          </datafield>
          <datafield tag="650" ind1=" " ind2="7">
            <subfield code="a">Missions.</subfield>
            <subfield code="2">fast</subfield>
            <subfield code="0">(OCoLC)fst01023771</subfield>
          </datafield>
          <datafield tag="651" ind1=" " ind2="7">
            <subfield code="a">California.</subfield>
            <subfield code="2">fast</subfield>
            <subfield code="0">(OCoLC)fst01204928</subfield>
          </datafield>
          <datafield tag="651" ind1=" " ind2="7">
            <subfield code="a">New Spain.</subfield>
            <subfield code="2">fast</subfield>
            <subfield code="0">(OCoLC)fst01203034</subfield>
          </datafield>
          <datafield tag="655" ind1=" " ind2="7">
            <subfield code="a">History.</subfield>
            <subfield code="2">fast</subfield>
            <subfield code="0">(OCoLC)fst01411628</subfield>
          </datafield>
          <datafield tag="655" ind1=" " ind2="7">
            <subfield code="a">Sources.</subfield>
            <subfield code="2">fast</subfield>
            <subfield code="0">(OCoLC)fst01423900</subfield>
          </datafield>
          <datafield tag="938" ind1=" " ind2=" ">
            <subfield code="a">Baker &amp; Taylor</subfield>
            <subfield code="b">BKTY</subfield>
            <subfield code="c">16.95</subfield>
            <subfield code="d">16.95</subfield>
            <subfield code="i">0826316492</subfield>
            <subfield code="n">0002705251</subfield>
            <subfield code="s">active</subfield>
          </datafield>
          <datafield tag="938" ind1=" " ind2=" ">
            <subfield code="a">Brodart</subfield>
            <subfield code="b">BROD</subfield>
            <subfield code="n">48278793</subfield>
            <subfield code="c">$16.95</subfield>
          </datafield>
          <datafield tag="938" ind1=" " ind2=" ">
            <subfield code="a">YBP Library Services</subfield>
            <subfield code="b">YANK</subfield>
            <subfield code="n">797191</subfield>
          </datafield>
          <datafield tag="948" ind1=" " ind2=" ">
            <subfield code="h">HELD BY MVS - 32 OTHER HOLDINGS</subfield>
          </datafield>
          <datafield tag="994" ind1=" " ind2=" ">
            <subfield code="a">Z0</subfield>
            <subfield code="b">MVS</subfield>
          </datafield>
          <datafield tag="900" ind1="0" ind2=" ">
            <subfield code="b">MILL</subfield>
            <subfield code="c">B</subfield>
            <subfield code="h">F1219</subfield>
            <subfield code="i">.J28x 1995</subfield>
            <subfield code="8">2237040000003569</subfield>
          </datafield>
        </record>
      </metadata>
    </record>