
    <record>
      <header>
        <identifier>oai:alma.01SSHELCOMILLRSVL:997632525903569</identifier>
        <datestamp>2019-02-01T12:06:40Z</datestamp>
        <setSpec>EDS:Set01</setSpec>
      </header>
      <metadata>
        <record xmlns="http://www.loc.gov/MARC21/slim" xmlns:xsi="http://www.w3.org/2001/XMLSchema-instance" xsi:schemaLocation="http://www.loc.gov/MARC21/slim http://www.loc.gov/standards/marcxml/schema/MARC21slim.xsd" >
          <leader>03270cam a2200541Ia 4500</leader>
          <controlfield tag="005">20181015111547.0</controlfield>
          <controlfield tag="008">720914s1925    nyucf    bc   000 0 eng  </controlfield>
          <controlfield tag="001">997632525903569</controlfield>
          <datafield tag="010" ind1=" " ind2=" ">
            <subfield code="a">   26000539 </subfield>
          </datafield>
          <datafield tag="019" ind1=" " ind2=" ">
            <subfield code="a">420394</subfield>
            <subfield code="a">84222050</subfield>
          </datafield>
          <datafield tag="035" ind1=" " ind2=" ">
            <subfield code="a">(OCoLC)406289</subfield>
            <subfield code="z">(OCoLC)420394</subfield>
            <subfield code="z">(OCoLC)84222050</subfield>
          </datafield>
          <datafield tag="035" ind1=" " ind2=" ">
            <subfield code="a">(OCoLC)ocm00406289 </subfield>
          </datafield>
          <datafield tag="040" ind1=" " ind2=" ">
            <subfield code="a">DLC</subfield>
            <subfield code="b">eng</subfield>
            <subfield code="c">KSU</subfield>
            <subfield code="d">CPL</subfield>
            <subfield code="d">OCL</subfield>
            <subfield code="d">UBY</subfield>
            <subfield code="d">YOM</subfield>
            <subfield code="d">STF</subfield>
            <subfield code="d">NNM</subfield>
            <subfield code="d">TXA</subfield>
            <subfield code="d">OBE</subfield>
            <subfield code="d">OCLCA</subfield>
            <subfield code="d">OCLCF</subfield>
            <subfield code="d">OCLCQ</subfield>
            <subfield code="d">OSU</subfield>
            <subfield code="d">OCLCA</subfield>
            <subfield code="d">COF</subfield>
            <subfield code="d">PAU</subfield>
            <subfield code="d">OCLCO</subfield>
            <subfield code="d">OCLCQ</subfield>
            <subfield code="d">OCLCO</subfield>
            <subfield code="d">OCLCA</subfield>
            <subfield code="d">OCLCQ</subfield>
          </datafield>
          <datafield tag="043" ind1=" " ind2=" ">
            <subfield code="a">n-us-ny</subfield>
          </datafield>
          <datafield tag="050" ind1=" " ind2="4">
            <subfield code="a">Z473.K7</subfield>
            <subfield code="b">A4 1925 B</subfield>
          </datafield>
          <datafield tag="050" ind1="0" ind2="0">
            <subfield code="a">Z473</subfield>
            <subfield code="b">.K72 1925</subfield>
          </datafield>
          <datafield tag="082" ind1="0" ind2="4">
            <subfield code="a">655.1</subfield>
            <subfield code="b">K72b</subfield>
          </datafield>
          <datafield tag="090" ind1=" " ind2=" ">
            <subfield code="a">1033.A84</subfield>
            <subfield code="b">K45 A44x 1925b</subfield>
          </datafield>
          <datafield tag="110" ind1="2" ind2=" ">
            <subfield code="a">Alfred A. Knopf, Inc.</subfield>
          </datafield>
          <datafield tag="245" ind1="1" ind2="4">
            <subfield code="a">The Borzoi 1925 :</subfield>
            <subfield code="b">being a sort of record of ten years of publishing.</subfield>
          </datafield>
          <datafield tag="250" ind1=" " ind2=" ">
            <subfield code="a">[1st print., limited issue].</subfield>
          </datafield>
          <datafield tag="260" ind1=" " ind2=" ">
            <subfield code="a">New York :</subfield>
            <subfield code="b">Alfred A. Knopf,</subfield>
            <subfield code="c">©1925.</subfield>
          </datafield>
          <datafield tag="300" ind1=" " ind2=" ">
            <subfield code="a">xii, 351 pages, [29] pages of plates :</subfield>
            <subfield code="b">portraits (1 color) ;</subfield>
            <subfield code="c">20 cm</subfield>
          </datafield>
          <datafield tag="336" ind1=" " ind2=" ">
            <subfield code="a">text</subfield>
            <subfield code="b">txt</subfield>
            <subfield code="2">rdacontent</subfield>
          </datafield>
          <datafield tag="337" ind1=" " ind2=" ">
            <subfield code="a">unmediated</subfield>
            <subfield code="b">n</subfield>
            <subfield code="2">rdamedia</subfield>
          </datafield>
          <datafield tag="338" ind1=" " ind2=" ">
            <subfield code="a">volume</subfield>
            <subfield code="b">nc</subfield>
            <subfield code="2">rdacarrier</subfield>
          </datafield>
          <datafield tag="500" ind1=" " ind2=" ">
            <subfield code="a">First appearances of Thomas Beer's Miss Cather, Willa Cather's Katherine Mansfield, A.E. Coppard's David Garnett, Floyd Dell's Truthfuller than Tolstoi!, D.H. Lawrence's Accumulated mail, H.L. Mencken's Memorandum, Julia Peterkin's Whose children, Carl Van Vechten's Ernest Newman &amp; Elinor Wylie's Carl Van Vechten, plus a bibliography of all Borzoi books published "from the beginning to June 30th, 1925."</subfield>
          </datafield>
          <datafield tag="504" ind1=" " ind2=" ">
            <subfield code="a">"A bibliography of all Borzoi books published from the beginning to June 30th, 1925"-Page 271-351.</subfield>
          </datafield>
          <datafield tag="500" ind1=" " ind2=" ">
            <subfield code="a">"Of the Borzo 1925 there were printed in the month of December five thousand copies on laid India tint paper made by the Tileston-Hollingsworth Co."--Colophon.</subfield>
          </datafield>
          <datafield tag="505" ind1="0" ind2=" ">
            <subfield code="a">pt. 1. Essays written mainly by American authors especially for this ed. -- pt. 2. A brief Who's Who of Writers particularly identified with the Borzoi. -- pt. 3. A bibliography of all Borzoi books published from the beginning to June 30th, 1925.</subfield>
          </datafield>
          <datafield tag="541" ind1=" " ind2=" ">
            <subfield code="a">The Bruce Kellner Under-Read and Under-Rated Author Collection</subfield>
            <subfield code="c">gift,</subfield>
            <subfield code="d">2010.</subfield>
          </datafield>
          <datafield tag="561" ind1=" " ind2=" ">
            <subfield code="a">Bruce Kellner bookplate on inside front cover.</subfield>
          </datafield>
          <datafield tag="561" ind1=" " ind2=" ">
            <subfield code="a">Written on inside front flyleaf: "It seems incongruous dear Bruce for a cat man to write in a dog book, but I am glad to do so for you! With pink lemonade &amp; much affection, Carlo, August 12, 1960 when Bruce made one of his frequent visits to New York."</subfield>
          </datafield>
          <datafield tag="610" ind1="2" ind2="0">
            <subfield code="a">Alfred A. Knopf, Inc</subfield>
            <subfield code="v">Catalogs.</subfield>
          </datafield>
          <datafield tag="610" ind1="2" ind2="7">
            <subfield code="a">Alfred A. Knopf, Inc.</subfield>
            <subfield code="2">fast</subfield>
            <subfield code="0">(OCoLC)fst00515697</subfield>
          </datafield>
          <datafield tag="650" ind1=" " ind2="0">
            <subfield code="a">Autographed editions.</subfield>
          </datafield>
          <datafield tag="650" ind1=" " ind2="0">
            <subfield code="a">Publishers' catalogs</subfield>
            <subfield code="z">New York (State)</subfield>
          </datafield>
          <datafield tag="650" ind1=" " ind2="0">
            <subfield code="a">Pictorial bindings</subfield>
            <subfield code="v">Specimens.</subfield>
          </datafield>
          <datafield tag="650" ind1=" " ind2="7">
            <subfield code="a">Publishers' catalogs.</subfield>
            <subfield code="2">fast</subfield>
            <subfield code="0">(OCoLC)fst01732445</subfield>
          </datafield>
          <datafield tag="651" ind1=" " ind2="7">
            <subfield code="a">New York (State)</subfield>
            <subfield code="2">fast</subfield>
            <subfield code="0">(OCoLC)fst01210280</subfield>
          </datafield>
          <datafield tag="655" ind1=" " ind2="7">
            <subfield code="a">Pictorial cloth bindings (Binding)</subfield>
            <subfield code="z">United States</subfield>
            <subfield code="y">1925.</subfield>
            <subfield code="2">rbbin</subfield>
          </datafield>
          <datafield tag="655" ind1=" " ind2="7">
            <subfield code="a">Catalogs.</subfield>
            <subfield code="2">fast</subfield>
            <subfield code="0">(OCoLC)fst01423692</subfield>
          </datafield>
          <datafield tag="700" ind1="1" ind2=" ">
            <subfield code="a">Adler, Elmer,</subfield>
            <subfield code="d">1884-1962,</subfield>
            <subfield code="e">book designer.</subfield>
          </datafield>
          <datafield tag="710" ind1="2" ind2=" ">
            <subfield code="a">Alfred A. Knopf, Inc.,</subfield>
            <subfield code="e">publisher.</subfield>
          </datafield>
          <datafield tag="710" ind1="2" ind2=" ">
            <subfield code="a">Plimpton Press,</subfield>
            <subfield code="e">printer.</subfield>
          </datafield>
          <datafield tag="776" ind1="0" ind2="8">
            <subfield code="i">Online version:</subfield>
            <subfield code="a">Alfred A. Knopf, Inc.</subfield>
            <subfield code="t">Borzoi 1925.</subfield>
            <subfield code="d">New York [©1925]</subfield>
            <subfield code="w">(OCoLC)713136020</subfield>
          </datafield>
          <datafield tag="948" ind1=" " ind2=" ">
            <subfield code="h">HELD BY MVS - 214 OTHER HOLDINGS</subfield>
          </datafield>
          <datafield tag="994" ind1=" " ind2=" ">
            <subfield code="a">Z0</subfield>
            <subfield code="b">MVS</subfield>
          </datafield>
          <datafield tag="900" ind1="0" ind2=" ">
            <subfield code="b">MILL</subfield>
            <subfield code="c">SCRB</subfield>
            <subfield code="h">Z1033.A84</subfield>
            <subfield code="i">K45 A44x 1925b</subfield>
            <subfield code="8">2236209910003569</subfield>
          </datafield>
        </record>
      </metadata>
    </record>