
    <record>
      <header>
        <identifier>oai:alma.01SSHELCOMILLRSVL:997630716803569</identifier>
        <datestamp>2019-02-01T12:06:40Z</datestamp>
        <setSpec>EDS:Set01</setSpec>
      </header>
      <metadata>
        <record xmlns="http://www.loc.gov/MARC21/slim" xmlns:xsi="http://www.w3.org/2001/XMLSchema-instance" xsi:schemaLocation="http://www.loc.gov/MARC21/slim http://www.loc.gov/standards/marcxml/schema/MARC21slim.xsd" >
          <leader>03033cam a2200421Ii 4500</leader>
          <controlfield tag="005">20181011114436.0</controlfield>
          <controlfield tag="008">070515t20062006vaua     b    000 0 eng d</controlfield>
          <controlfield tag="001">997630716803569</controlfield>
          <datafield tag="020" ind1=" " ind2=" ">
            <subfield code="a">0939327252</subfield>
          </datafield>
          <datafield tag="020" ind1=" " ind2=" ">
            <subfield code="a">9780939327256</subfield>
          </datafield>
          <datafield tag="035" ind1=" " ind2=" ">
            <subfield code="a">(OCoLC)127117868</subfield>
          </datafield>
          <datafield tag="035" ind1=" " ind2=" ">
            <subfield code="a">(OCoLC)ocn127117868</subfield>
          </datafield>
          <datafield tag="040" ind1=" " ind2=" ">
            <subfield code="a">EES</subfield>
            <subfield code="b">eng</subfield>
            <subfield code="e">rda</subfield>
            <subfield code="c">EES</subfield>
            <subfield code="d">BGU</subfield>
            <subfield code="d">OCLCA</subfield>
            <subfield code="d">OCLCF</subfield>
            <subfield code="d">OCLCQ</subfield>
            <subfield code="d">HF9</subfield>
          </datafield>
          <datafield tag="043" ind1=" " ind2=" ">
            <subfield code="a">n-us---</subfield>
          </datafield>
          <datafield tag="050" ind1=" " ind2="4">
            <subfield code="a">LC34.4</subfield>
            <subfield code="b">.L4x 2006</subfield>
          </datafield>
          <datafield tag="245" ind1="0" ind2="0">
            <subfield code="a">Leading after-school learning communities :</subfield>
            <subfield code="b">what principals should know and be able to do.</subfield>
          </datafield>
          <datafield tag="264" ind1=" " ind2="1">
            <subfield code="a">Alexandria, VA :</subfield>
            <subfield code="b">National Association of Elementary School Principals,</subfield>
            <subfield code="c">[2006]</subfield>
          </datafield>
          <datafield tag="264" ind1=" " ind2="4">
            <subfield code="c">©2006.</subfield>
          </datafield>
          <datafield tag="300" ind1=" " ind2=" ">
            <subfield code="a">x, 114 pages :</subfield>
            <subfield code="b">illustrations ;</subfield>
            <subfield code="c">23 cm</subfield>
          </datafield>
          <datafield tag="336" ind1=" " ind2=" ">
            <subfield code="a">text</subfield>
            <subfield code="b">txt</subfield>
            <subfield code="2">rdacontent</subfield>
          </datafield>
          <datafield tag="337" ind1=" " ind2=" ">
            <subfield code="a">unmediated</subfield>
            <subfield code="b">n</subfield>
            <subfield code="2">rdamedia</subfield>
          </datafield>
          <datafield tag="338" ind1=" " ind2=" ">
            <subfield code="a">volume</subfield>
            <subfield code="b">nc</subfield>
            <subfield code="2">rdacarrier</subfield>
          </datafield>
          <datafield tag="500" ind1=" " ind2=" ">
            <subfield code="a">"Co-created by the National Association of Elementary School Principals and Collaborative Communications Group"--Title page verso.</subfield>
          </datafield>
          <datafield tag="500" ind1=" " ind2=" ">
            <subfield code="a">At head of title: A guide for those who care about creating and supporting quality in schools.</subfield>
          </datafield>
          <datafield tag="504" ind1=" " ind2=" ">
            <subfield code="a">Includes bibliographical references (pages 103-114).</subfield>
          </datafield>
          <datafield tag="505" ind1="0" ind2=" ">
            <subfield code="a">Foreword / by Dr. Vincent Ferrandino -- How to use this guide -- The challenge: leveraging learning and community resources -- Principles of quality after-school programs -- Vision: expand the vision of learning to include high-quality experiences during out-of-school time -- Community catalyst: act as a catalyst in the community to develop quality after-school programs -- Infrastructure: collaborate with program directors to manage resources that support the full learning day -- Quality content: support linkages, connections and relationships between the school day and after-school learning that ensure program content meets community, school and student needs -- Evaluation: work with program directors to evaluate after-school programs to ensure they achieve defined outcomes -- Champion after-school: promote access to high-quality after-school programs for all children -- A call to action -- Methodology.</subfield>
          </datafield>
          <datafield tag="520" ind1=" " ind2=" ">
            <subfield code="a">After-School programs offer valuable opportunities to support children's learning while ensuring their safety when school day ends. This guide contains a wealth of strategies and resources that show how principals can fulfill an essential leadership role in after-school programs without assuming additional management responsibilities. -- Provided by publisher</subfield>
          </datafield>
          <datafield tag="650" ind1=" " ind2="0">
            <subfield code="a">Elementary school principals.</subfield>
          </datafield>
          <datafield tag="650" ind1=" " ind2="0">
            <subfield code="a">After-school programs</subfield>
            <subfield code="z">United States.</subfield>
          </datafield>
          <datafield tag="650" ind1=" " ind2="0">
            <subfield code="a">Student activities</subfield>
            <subfield code="z">United States.</subfield>
          </datafield>
          <datafield tag="650" ind1=" " ind2="7">
            <subfield code="a">After-school programs.</subfield>
            <subfield code="2">fast</subfield>
            <subfield code="0">(OCoLC)fst01736854</subfield>
          </datafield>
          <datafield tag="650" ind1=" " ind2="7">
            <subfield code="a">Elementary school principals.</subfield>
            <subfield code="2">fast</subfield>
            <subfield code="0">(OCoLC)fst00907916</subfield>
          </datafield>
          <datafield tag="650" ind1=" " ind2="7">
            <subfield code="a">Student activities.</subfield>
            <subfield code="2">fast</subfield>
            <subfield code="0">(OCoLC)fst01135799</subfield>
          </datafield>
          <datafield tag="651" ind1=" " ind2="7">
            <subfield code="a">United States.</subfield>
            <subfield code="2">fast</subfield>
            <subfield code="0">(OCoLC)fst01204155</subfield>
          </datafield>
          <datafield tag="710" ind1="2" ind2=" ">
            <subfield code="a">National Association of Elementary School Principals (U.S.)</subfield>
          </datafield>
          <datafield tag="710" ind1="2" ind2=" ">
            <subfield code="a">Collaborative Communications Group.</subfield>
          </datafield>
          <datafield tag="948" ind1=" " ind2=" ">
            <subfield code="h">HELD BY MVS - 30 OTHER HOLDINGS</subfield>
          </datafield>
          <datafield tag="994" ind1=" " ind2=" ">
            <subfield code="a">Z0</subfield>
            <subfield code="b">MVS</subfield>
          </datafield>
          <datafield tag="900" ind1="0" ind2=" ">
            <subfield code="b">MILL</subfield>
            <subfield code="c">B</subfield>
            <subfield code="h">LC34.4</subfield>
            <subfield code="i">.L4x 2006</subfield>
            <subfield code="8">2235977020003569</subfield>
          </datafield>
        </record>
      </metadata>
    </record>