
    <record>
      <header>
        <identifier>oai:alma.01SSHELCOMILLRSVL:997633025703569</identifier>
        <datestamp>2019-02-01T12:06:40Z</datestamp>
        <setSpec>EDS:Set01</setSpec>
      </header>
      <metadata>
        <record xmlns="http://www.loc.gov/MARC21/slim" xmlns:xsi="http://www.w3.org/2001/XMLSchema-instance" xsi:schemaLocation="http://www.loc.gov/MARC21/slim http://www.loc.gov/standards/marcxml/schema/MARC21slim.xsd" >
          <leader>02483cam  2200661 a 4500</leader>
          <controlfield tag="005">20181025162709.0</controlfield>
          <controlfield tag="008">101001s2011    nyua   b      000 1 eng  </controlfield>
          <controlfield tag="001">997633025703569</controlfield>
          <datafield tag="010" ind1=" " ind2=" ">
            <subfield code="a">  2010037814</subfield>
          </datafield>
          <datafield tag="019" ind1=" " ind2=" ">
            <subfield code="a">960377669</subfield>
          </datafield>
          <datafield tag="020" ind1=" " ind2=" ">
            <subfield code="a">9781596436688</subfield>
          </datafield>
          <datafield tag="020" ind1=" " ind2=" ">
            <subfield code="a">1596436689</subfield>
          </datafield>
          <datafield tag="020" ind1=" " ind2=" ">
            <subfield code="a">9780545757515</subfield>
          </datafield>
          <datafield tag="020" ind1=" " ind2=" ">
            <subfield code="a">0545757517</subfield>
          </datafield>
          <datafield tag="024" ind1="3" ind2=" ">
            <subfield code="a">9781596436688</subfield>
          </datafield>
          <datafield tag="029" ind1="1" ind2=" ">
            <subfield code="a">AU@</subfield>
            <subfield code="b">000047773244</subfield>
          </datafield>
          <datafield tag="029" ind1="1" ind2=" ">
            <subfield code="a">AU@</subfield>
            <subfield code="b">000048152118</subfield>
          </datafield>
          <datafield tag="029" ind1="1" ind2=" ">
            <subfield code="a">AU@</subfield>
            <subfield code="b">000048152119</subfield>
          </datafield>
          <datafield tag="029" ind1="1" ind2=" ">
            <subfield code="a">NZ1</subfield>
            <subfield code="b">13839673</subfield>
          </datafield>
          <datafield tag="035" ind1=" " ind2=" ">
            <subfield code="a">(OCoLC)676922848</subfield>
            <subfield code="z">(OCoLC)960377669</subfield>
          </datafield>
          <datafield tag="035" ind1=" " ind2=" ">
            <subfield code="a">(OCoLC)ocn676922848</subfield>
          </datafield>
          <datafield tag="037" ind1=" " ind2=" ">
            <subfield code="b">Henry Holt &amp; Co, C/O Mps 175 Fifth Ave, New York, NY, USA, 10010</subfield>
            <subfield code="n">SAN 631-5011</subfield>
          </datafield>
          <datafield tag="040" ind1=" " ind2=" ">
            <subfield code="a">DLC</subfield>
            <subfield code="b">eng</subfield>
            <subfield code="c">DLC</subfield>
            <subfield code="d">IG#</subfield>
            <subfield code="d">BTCTA</subfield>
            <subfield code="d">CDC</subfield>
            <subfield code="d">IGP</subfield>
            <subfield code="d">UIU</subfield>
            <subfield code="d">EHH</subfield>
            <subfield code="d">YDXCP</subfield>
            <subfield code="d">BDX</subfield>
            <subfield code="d">OCLCO</subfield>
            <subfield code="d">OCLCF</subfield>
            <subfield code="d">OCLCO</subfield>
            <subfield code="d">OCLCQ</subfield>
            <subfield code="d">OCLCO</subfield>
            <subfield code="d">LTP</subfield>
            <subfield code="d">OCLCO</subfield>
            <subfield code="d">FEM</subfield>
            <subfield code="d">OCL</subfield>
            <subfield code="d">T3D</subfield>
            <subfield code="d">CHY</subfield>
            <subfield code="d">GL3</subfield>
            <subfield code="d">PCQ</subfield>
            <subfield code="d">IGA</subfield>
            <subfield code="d">CMFTP</subfield>
            <subfield code="d">WYZ</subfield>
            <subfield code="d">CHILD</subfield>
            <subfield code="d">OCLCQ</subfield>
            <subfield code="d">T7F</subfield>
            <subfield code="d">OCLCO</subfield>
            <subfield code="d">IOU</subfield>
            <subfield code="d">KK7</subfield>
            <subfield code="d">BRL</subfield>
            <subfield code="d">MVS</subfield>
          </datafield>
          <datafield tag="042" ind1=" " ind2=" ">
            <subfield code="a">lcac</subfield>
            <subfield code="a">pcc</subfield>
          </datafield>
          <datafield tag="049" ind1=" " ind2=" ">
            <subfield code="a">MVSS</subfield>
          </datafield>
          <datafield tag="050" ind1="0" ind2="0">
            <subfield code="a">PZ8.3.B8253</subfield>
            <subfield code="b">Bad 2011</subfield>
          </datafield>
          <datafield tag="082" ind1="0" ind2="0">
            <subfield code="a">[E]</subfield>
            <subfield code="2">22</subfield>
          </datafield>
          <datafield tag="096" ind1=" " ind2=" ">
            <subfield code="a">Bru</subfield>
          </datafield>
          <datafield tag="100" ind1="1" ind2=" ">
            <subfield code="a">Bruel, Nick.</subfield>
          </datafield>
          <datafield tag="245" ind1="1" ind2="2">
            <subfield code="a">A Bad Kitty Christmas /</subfield>
            <subfield code="c">Nick Bruel.</subfield>
          </datafield>
          <datafield tag="260" ind1=" " ind2=" ">
            <subfield code="a">New York :</subfield>
            <subfield code="b">Roaring Brook Press,</subfield>
            <subfield code="c">2011.</subfield>
          </datafield>
          <datafield tag="300" ind1=" " ind2=" ">
            <subfield code="a">40 unnumbered pages :</subfield>
            <subfield code="b">color illustrations ;</subfield>
            <subfield code="c">29 cm.</subfield>
          </datafield>
          <datafield tag="336" ind1=" " ind2=" ">
            <subfield code="a">text</subfield>
            <subfield code="b">txt</subfield>
            <subfield code="2">rdacontent</subfield>
          </datafield>
          <datafield tag="337" ind1=" " ind2=" ">
            <subfield code="a">unmediated</subfield>
            <subfield code="b">n</subfield>
            <subfield code="2">rdamedia</subfield>
          </datafield>
          <datafield tag="338" ind1=" " ind2=" ">
            <subfield code="a">volume</subfield>
            <subfield code="b">nc</subfield>
            <subfield code="2">rdacarrier</subfield>
          </datafield>
          <datafield tag="490" ind1="1" ind2=" ">
            <subfield code="a">Bad Kitty Series</subfield>
          </datafield>
          <datafield tag="500" ind1=" " ind2=" ">
            <subfield code="a">"A Neal Porter book."</subfield>
          </datafield>
          <datafield tag="520" ind1=" " ind2=" ">
            <subfield code="a">After destroying all of the gifts and decorations at home, Bad Kitty escapes from the car on Christmas Eve and finds a new friend, who helps her learn the true meaning of Christmas.</subfield>
          </datafield>
          <datafield tag="526" ind1="8" ind2=" ">
            <subfield code="c">3.0.</subfield>
          </datafield>
          <datafield tag="526" ind1="0" ind2=" ">
            <subfield code="a">Accelerated Reader</subfield>
            <subfield code="c">3.0.</subfield>
          </datafield>
          <datafield tag="526" ind1="0" ind2=" ">
            <subfield code="a">Reading Counts</subfield>
            <subfield code="b">K-2</subfield>
            <subfield code="c">2.1</subfield>
            <subfield code="d">2</subfield>
            <subfield code="z">Q.</subfield>
          </datafield>
          <datafield tag="650" ind1=" " ind2="0">
            <subfield code="a">Cats</subfield>
            <subfield code="v">Juvenile fiction.</subfield>
          </datafield>
          <datafield tag="650" ind1=" " ind2="0">
            <subfield code="a">Christmas stories.</subfield>
          </datafield>
          <datafield tag="650" ind1=" " ind2="0">
            <subfield code="a">Picture books for children.</subfield>
          </datafield>
          <datafield tag="650" ind1=" " ind2="7">
            <subfield code="a">Cats.</subfield>
            <subfield code="2">fast</subfield>
            <subfield code="0">(OCoLC)fst00849374</subfield>
          </datafield>
          <datafield tag="650" ind1=" " ind2="7">
            <subfield code="a">Christmas stories.</subfield>
            <subfield code="2">fast</subfield>
            <subfield code="0">(OCoLC)fst00859866</subfield>
          </datafield>
          <datafield tag="650" ind1=" " ind2="7">
            <subfield code="a">Picture books for children.</subfield>
            <subfield code="2">fast</subfield>
            <subfield code="0">(OCoLC)fst01063717</subfield>
          </datafield>
          <datafield tag="655" ind1=" " ind2="7">
            <subfield code="a">Stories in rhyme.</subfield>
            <subfield code="2">fast</subfield>
            <subfield code="0">(OCoLC)fst01921738</subfield>
          </datafield>
          <datafield tag="655" ind1=" " ind2="7">
            <subfield code="a">Fiction.</subfield>
            <subfield code="2">fast</subfield>
            <subfield code="0">(OCoLC)fst01423787</subfield>
          </datafield>
          <datafield tag="655" ind1=" " ind2="7">
            <subfield code="a">Juvenile works.</subfield>
            <subfield code="2">fast</subfield>
            <subfield code="0">(OCoLC)fst01411637</subfield>
          </datafield>
          <datafield tag="655" ind1=" " ind2="7">
            <subfield code="a">Easy books.</subfield>
            <subfield code="2">local</subfield>
          </datafield>
          <datafield tag="830" ind1=" " ind2="0">
            <subfield code="a">Bad Kitty Series.</subfield>
          </datafield>
          <datafield tag="938" ind1=" " ind2=" ">
            <subfield code="a">Brodart</subfield>
            <subfield code="b">BROD</subfield>
            <subfield code="n">12884154</subfield>
            <subfield code="c">$15.99</subfield>
          </datafield>
          <datafield tag="938" ind1=" " ind2=" ">
            <subfield code="a">Children's Plus, Inc.</subfield>
            <subfield code="b">CHIL</subfield>
            <subfield code="n">1648906</subfield>
          </datafield>
          <datafield tag="938" ind1=" " ind2=" ">
            <subfield code="a">Ingram</subfield>
            <subfield code="b">INGR</subfield>
            <subfield code="n">9781596436688</subfield>
          </datafield>
          <datafield tag="938" ind1=" " ind2=" ">
            <subfield code="a">YBP Library Services</subfield>
            <subfield code="b">YANK</subfield>
            <subfield code="n">7303216</subfield>
          </datafield>
          <datafield tag="949" ind1=" " ind2=" ">
            <subfield code="b">33151009177702</subfield>
          </datafield>
          <datafield tag="994" ind1=" " ind2=" ">
            <subfield code="a">C0</subfield>
            <subfield code="b">MVS</subfield>
          </datafield>
          <datafield tag="900" ind1="0" ind2=" ">
            <subfield code="b">MILL</subfield>
            <subfield code="c">J</subfield>
            <subfield code="h">PZ8.3.B8253</subfield>
            <subfield code="i">Bad 2011</subfield>
            <subfield code="8">2236259720003569</subfield>
          </datafield>
        </record>
      </metadata>
    </record>