
    <record>
      <header>
        <identifier>oai:alma.01SSHELCOMILLRSVL:997631024703569</identifier>
        <datestamp>2019-02-01T12:06:40Z</datestamp>
        <setSpec>EDS:Set01</setSpec>
      </header>
      <metadata>
        <record xmlns="http://www.loc.gov/MARC21/slim" xmlns:xsi="http://www.w3.org/2001/XMLSchema-instance" xsi:schemaLocation="http://www.loc.gov/MARC21/slim http://www.loc.gov/standards/marcxml/schema/MARC21slim.xsd" >
          <leader>03087cam a22006494a 4500</leader>
          <controlfield tag="005">20180924110559.0</controlfield>
          <controlfield tag="008">031119s2004    caua     b    001 0 eng  </controlfield>
          <controlfield tag="001">997631024703569</controlfield>
          <datafield tag="010" ind1=" " ind2=" ">
            <subfield code="a">  2003025006</subfield>
          </datafield>
          <datafield tag="015" ind1=" " ind2=" ">
            <subfield code="a">GBA4Y6842</subfield>
            <subfield code="2">bnb</subfield>
          </datafield>
          <datafield tag="016" ind1="7" ind2=" ">
            <subfield code="a">011627161</subfield>
            <subfield code="2">Uk</subfield>
          </datafield>
          <datafield tag="019" ind1=" " ind2=" ">
            <subfield code="a">56437537</subfield>
            <subfield code="a">877661580</subfield>
            <subfield code="a">1022593523</subfield>
          </datafield>
          <datafield tag="020" ind1=" " ind2=" ">
            <subfield code="a">1412904617</subfield>
            <subfield code="q">(cloth)</subfield>
          </datafield>
          <datafield tag="020" ind1=" " ind2=" ">
            <subfield code="a">9781412904612</subfield>
            <subfield code="q">(cloth)</subfield>
          </datafield>
          <datafield tag="020" ind1=" " ind2=" ">
            <subfield code="a">1412904625</subfield>
            <subfield code="q">(paper)</subfield>
          </datafield>
          <datafield tag="020" ind1=" " ind2=" ">
            <subfield code="a">9781412904629</subfield>
            <subfield code="q">(paper)</subfield>
          </datafield>
          <datafield tag="029" ind1="1" ind2=" ">
            <subfield code="a">AU@</subfield>
            <subfield code="b">000025152509</subfield>
          </datafield>
          <datafield tag="029" ind1="1" ind2=" ">
            <subfield code="a">DEBBG</subfield>
            <subfield code="b">BV019339146</subfield>
          </datafield>
          <datafield tag="029" ind1="1" ind2=" ">
            <subfield code="a">IG#</subfield>
            <subfield code="b">1412904617</subfield>
          </datafield>
          <datafield tag="029" ind1="1" ind2=" ">
            <subfield code="a">IG#</subfield>
            <subfield code="b">1412904625</subfield>
          </datafield>
          <datafield tag="029" ind1="1" ind2=" ">
            <subfield code="a">IG#</subfield>
            <subfield code="b">9781412904612</subfield>
          </datafield>
          <datafield tag="029" ind1="1" ind2=" ">
            <subfield code="a">NZ1</subfield>
            <subfield code="b">8106856</subfield>
          </datafield>
          <datafield tag="029" ind1="1" ind2=" ">
            <subfield code="a">UKBRU</subfield>
            <subfield code="b">179941</subfield>
          </datafield>
          <datafield tag="029" ind1="1" ind2=" ">
            <subfield code="a">YDXCP</subfield>
            <subfield code="b">2050522</subfield>
          </datafield>
          <datafield tag="029" ind1="1" ind2=" ">
            <subfield code="a">YDXCP</subfield>
            <subfield code="b">2050525</subfield>
          </datafield>
          <datafield tag="035" ind1=" " ind2=" ">
            <subfield code="a">(OCoLC)53814598</subfield>
            <subfield code="z">(OCoLC)56437537</subfield>
            <subfield code="z">(OCoLC)877661580</subfield>
            <subfield code="z">(OCoLC)1022593523</subfield>
          </datafield>
          <datafield tag="035" ind1=" " ind2=" ">
            <subfield code="a">(OCoLC)ocm53814598 </subfield>
          </datafield>
          <datafield tag="040" ind1=" " ind2=" ">
            <subfield code="a">DLC</subfield>
            <subfield code="b">eng</subfield>
            <subfield code="c">DLC</subfield>
            <subfield code="d">IBS</subfield>
            <subfield code="d">BAKER</subfield>
            <subfield code="d">IG#</subfield>
            <subfield code="d">BTCTA</subfield>
            <subfield code="d">YDXCP</subfield>
            <subfield code="d">LVB</subfield>
            <subfield code="d">UKM</subfield>
            <subfield code="d">UQ1</subfield>
            <subfield code="d">DEBBG</subfield>
            <subfield code="d">UKMGB</subfield>
            <subfield code="d">BDX</subfield>
            <subfield code="d">OCLCF</subfield>
            <subfield code="d">A7U</subfield>
            <subfield code="d">OCLCQ</subfield>
            <subfield code="d">MVS</subfield>
          </datafield>
          <datafield tag="042" ind1=" " ind2=" ">
            <subfield code="a">pcc</subfield>
          </datafield>
          <datafield tag="049" ind1=" " ind2=" ">
            <subfield code="a">MVSS</subfield>
          </datafield>
          <datafield tag="050" ind1="0" ind2="0">
            <subfield code="a">LB2806</subfield>
            <subfield code="b">.E46 2004</subfield>
          </datafield>
          <datafield tag="082" ind1="0" ind2="0">
            <subfield code="a">371.2</subfield>
            <subfield code="2">22</subfield>
          </datafield>
          <datafield tag="084" ind1=" " ind2=" ">
            <subfield code="a">5,3</subfield>
            <subfield code="2">ssgn</subfield>
          </datafield>
          <datafield tag="084" ind1=" " ind2=" ">
            <subfield code="a">DK 1040</subfield>
            <subfield code="2">rvk</subfield>
          </datafield>
          <datafield tag="100" ind1="1" ind2=" ">
            <subfield code="a">Eller, John,</subfield>
            <subfield code="d">1957-</subfield>
          </datafield>
          <datafield tag="245" ind1="1" ind2="0">
            <subfield code="a">Effective group facilitation in education :</subfield>
            <subfield code="b">how to energize meetings and manage difficult groups /</subfield>
            <subfield code="c">John Eller.</subfield>
          </datafield>
          <datafield tag="260" ind1=" " ind2=" ">
            <subfield code="a">Thousand Oaks, Calif. :</subfield>
            <subfield code="b">Corwin Press,</subfield>
            <subfield code="c">©2004.</subfield>
          </datafield>
          <datafield tag="300" ind1=" " ind2=" ">
            <subfield code="a">xviii, 201 pages :</subfield>
            <subfield code="b">illustrations ;</subfield>
            <subfield code="c">27 cm</subfield>
          </datafield>
          <datafield tag="336" ind1=" " ind2=" ">
            <subfield code="a">text</subfield>
            <subfield code="b">txt</subfield>
            <subfield code="2">rdacontent</subfield>
          </datafield>
          <datafield tag="337" ind1=" " ind2=" ">
            <subfield code="a">unmediated</subfield>
            <subfield code="b">n</subfield>
            <subfield code="2">rdamedia</subfield>
          </datafield>
          <datafield tag="338" ind1=" " ind2=" ">
            <subfield code="a">volume</subfield>
            <subfield code="b">nc</subfield>
            <subfield code="2">rdacarrier</subfield>
          </datafield>
          <datafield tag="504" ind1=" " ind2=" ">
            <subfield code="a">Includes bibliographical references (pages 193-194) and index.</subfield>
          </datafield>
          <datafield tag="505" ind1="0" ind2=" ">
            <subfield code="a">What am I getting into? -- Get ready, get set -- Go -- Connecting all members of the team -- Reaching peak performance : connecting their minds -- Working the brain -- Reaching the goal -- Putting on your oxygen mask -- Transforming a difficult group.</subfield>
          </datafield>
          <datafield tag="520" ind1=" " ind2=" ">
            <subfield code="a">"Practical pointers for maximizing meetings and motivating team members! At their worst, meetings can waste time, lack focus, foster a combative spirit, or be just plain boring. At their best, meetings can be a positive, dynamic experience that nurtures individual strengths while inspiring teamwork to successfully accomplish an established task. The fate of a meeting lies in the skill of the facilitator, and this easy-to-use guide has all the tips and tools necessary to make you shine in this challenging role."--Publisher description.</subfield>
          </datafield>
          <datafield tag="650" ind1=" " ind2="0">
            <subfield code="a">School management and organization.</subfield>
          </datafield>
          <datafield tag="650" ind1=" " ind2="0">
            <subfield code="a">Group facilitation.</subfield>
          </datafield>
          <datafield tag="650" ind1=" " ind2="0">
            <subfield code="a">Educational leadership.</subfield>
          </datafield>
          <datafield tag="650" ind1=" " ind2="7">
            <subfield code="a">Educational leadership.</subfield>
            <subfield code="2">fast</subfield>
            <subfield code="0">(OCoLC)fst00903527</subfield>
          </datafield>
          <datafield tag="650" ind1=" " ind2="7">
            <subfield code="a">Group facilitation.</subfield>
            <subfield code="2">fast</subfield>
            <subfield code="0">(OCoLC)fst00948388</subfield>
          </datafield>
          <datafield tag="650" ind1=" " ind2="7">
            <subfield code="a">School management and organization.</subfield>
            <subfield code="2">fast</subfield>
            <subfield code="0">(OCoLC)fst01107575</subfield>
          </datafield>
          <datafield tag="938" ind1=" " ind2=" ">
            <subfield code="a">Baker &amp; Taylor</subfield>
            <subfield code="b">BKTY</subfield>
            <subfield code="c">72.95</subfield>
            <subfield code="d">72.95</subfield>
            <subfield code="i">1412904617</subfield>
            <subfield code="n">0004369268</subfield>
            <subfield code="s">active</subfield>
          </datafield>
          <datafield tag="938" ind1=" " ind2=" ">
            <subfield code="a">Brodart</subfield>
            <subfield code="b">BROD</subfield>
            <subfield code="n">07535821</subfield>
            <subfield code="c">$82.95</subfield>
          </datafield>
          <datafield tag="938" ind1=" " ind2=" ">
            <subfield code="a">Baker and Taylor</subfield>
            <subfield code="b">BTCP</subfield>
            <subfield code="n">2003025006</subfield>
          </datafield>
          <datafield tag="938" ind1=" " ind2=" ">
            <subfield code="a">Ingram</subfield>
            <subfield code="b">INGR</subfield>
            <subfield code="n">9781412904612</subfield>
          </datafield>
          <datafield tag="938" ind1=" " ind2=" ">
            <subfield code="a">YBP Library Services</subfield>
            <subfield code="b">YANK</subfield>
            <subfield code="n">2050522</subfield>
          </datafield>
          <datafield tag="949" ind1=" " ind2=" ">
            <subfield code="b">33151009166366</subfield>
          </datafield>
          <datafield tag="994" ind1=" " ind2=" ">
            <subfield code="a">C0</subfield>
            <subfield code="b">MVS</subfield>
          </datafield>
          <datafield tag="900" ind1="0" ind2=" ">
            <subfield code="b">MILL</subfield>
            <subfield code="c">B</subfield>
            <subfield code="h">LB2806</subfield>
            <subfield code="i">.E46 2004</subfield>
            <subfield code="8">2236037700003569</subfield>
          </datafield>
        </record>
      </metadata>
    </record>