
    <record>
      <header>
        <identifier>oai:alma.01SSHELCOMILLRSVL:997644521903569</identifier>
        <datestamp>2019-02-01T12:06:40Z</datestamp>
        <setSpec>EDS:Set01</setSpec>
      </header>
      <metadata>
        <record xmlns="http://www.loc.gov/MARC21/slim" xmlns:xsi="http://www.w3.org/2001/XMLSchema-instance" xsi:schemaLocation="http://www.loc.gov/MARC21/slim http://www.loc.gov/standards/marcxml/schema/MARC21slim.xsd" >
          <leader>01998cam a2200505Ia 4500</leader>
          <controlfield tag="005">20190128143158.0</controlfield>
          <controlfield tag="008">980707r19981996nyua   c      000 1 eng d</controlfield>
          <controlfield tag="001">997644521903569</controlfield>
          <datafield tag="020" ind1=" " ind2=" ">
            <subfield code="a">0140363602</subfield>
            <subfield code="q">(pbk.)</subfield>
          </datafield>
          <datafield tag="020" ind1=" " ind2=" ">
            <subfield code="a">9780140363609</subfield>
            <subfield code="q">(pbk.)</subfield>
          </datafield>
          <datafield tag="020" ind1=" " ind2=" ">
            <subfield code="a">0329084240</subfield>
            <subfield code="q">(Follett Bound)</subfield>
          </datafield>
          <datafield tag="020" ind1=" " ind2=" ">
            <subfield code="a">9780329084240</subfield>
            <subfield code="q">(Follett Bound)</subfield>
          </datafield>
          <datafield tag="035" ind1=" " ind2=" ">
            <subfield code="a">(OCoLC)39441313</subfield>
          </datafield>
          <datafield tag="035" ind1=" " ind2=" ">
            <subfield code="a">(OCoLC)ocm39441313 </subfield>
          </datafield>
          <datafield tag="040" ind1=" " ind2=" ">
            <subfield code="a">ACN</subfield>
            <subfield code="b">eng</subfield>
            <subfield code="c">ACN</subfield>
            <subfield code="d">OCL</subfield>
            <subfield code="d">OCLCQ</subfield>
            <subfield code="d">BAKER</subfield>
            <subfield code="d">BTCTA</subfield>
            <subfield code="d">ZXN</subfield>
            <subfield code="d">OCLCQ</subfield>
            <subfield code="d">IDABM</subfield>
            <subfield code="d">VUE</subfield>
            <subfield code="d">YDXCP</subfield>
            <subfield code="d">OCLCO</subfield>
            <subfield code="d">IHI</subfield>
            <subfield code="d">OCLCQ</subfield>
            <subfield code="d">OCLCF</subfield>
            <subfield code="d">OCLCQ</subfield>
            <subfield code="d">OCLCO</subfield>
            <subfield code="d">TDS</subfield>
            <subfield code="d">OCL</subfield>
            <subfield code="d">TXYCL</subfield>
            <subfield code="d">OCLCQ</subfield>
            <subfield code="d">MVS</subfield>
          </datafield>
          <datafield tag="043" ind1=" " ind2=" ">
            <subfield code="a">f-ua---</subfield>
          </datafield>
          <datafield tag="049" ind1=" " ind2=" ">
            <subfield code="a">MVSS</subfield>
          </datafield>
          <datafield tag="050" ind1="1" ind2="4">
            <subfield code="a">PZ7.S</subfield>
          </datafield>
          <datafield tag="082" ind1="1" ind2="4">
            <subfield code="a">Fic</subfield>
          </datafield>
          <datafield tag="100" ind1="1" ind2=" ">
            <subfield code="a">Scieszka, Jon.</subfield>
          </datafield>
          <datafield tag="245" ind1="1" ind2="0">
            <subfield code="a">Tut, tut /</subfield>
            <subfield code="c">by Jon Scieszka ; illustrated by Lane Smith.</subfield>
          </datafield>
          <datafield tag="260" ind1=" " ind2=" ">
            <subfield code="a">New York, N.Y. :</subfield>
            <subfield code="b">Puffin Books,</subfield>
            <subfield code="c">1998, ©1996.</subfield>
          </datafield>
          <datafield tag="300" ind1=" " ind2=" ">
            <subfield code="a">74 pages :</subfield>
            <subfield code="b">illustrations ;</subfield>
            <subfield code="c">20 cm.</subfield>
          </datafield>
          <datafield tag="336" ind1=" " ind2=" ">
            <subfield code="a">text</subfield>
            <subfield code="b">txt</subfield>
            <subfield code="2">rdacontent</subfield>
          </datafield>
          <datafield tag="337" ind1=" " ind2=" ">
            <subfield code="a">unmediated</subfield>
            <subfield code="b">n</subfield>
            <subfield code="2">rdamedia</subfield>
          </datafield>
          <datafield tag="338" ind1=" " ind2=" ">
            <subfield code="a">volume</subfield>
            <subfield code="b">nc</subfield>
            <subfield code="2">rdacarrier</subfield>
          </datafield>
          <datafield tag="490" ind1="1" ind2=" ">
            <subfield code="a">Time warp trio</subfield>
          </datafield>
          <datafield tag="521" ind1="1" ind2=" ">
            <subfield code="a">"Ages 7-11."</subfield>
          </datafield>
          <datafield tag="520" ind1=" " ind2=" ">
            <subfield code="a">The Time Warp Trio takes a trip back in time to ancient Egypt, where they come face to face with mummies, crocodiles, tomb robbers, the Sphinx, and other oddities.</subfield>
          </datafield>
          <datafield tag="650" ind1=" " ind2="0">
            <subfield code="a">Time travel</subfield>
            <subfield code="v">Juvenile fiction.</subfield>
          </datafield>
          <datafield tag="651" ind1=" " ind2="0">
            <subfield code="a">Egypt</subfield>
            <subfield code="x">Civilization</subfield>
            <subfield code="y">To 332 B.C.</subfield>
            <subfield code="v">Juvenile fiction.</subfield>
          </datafield>
          <datafield tag="650" ind1=" " ind2="7">
            <subfield code="a">Civilization.</subfield>
            <subfield code="2">fast</subfield>
            <subfield code="0">(OCoLC)fst00862898</subfield>
          </datafield>
          <datafield tag="650" ind1=" " ind2="7">
            <subfield code="a">Time travel.</subfield>
            <subfield code="2">fast</subfield>
            <subfield code="0">(OCoLC)fst01151176</subfield>
          </datafield>
          <datafield tag="651" ind1=" " ind2="7">
            <subfield code="a">Egypt.</subfield>
            <subfield code="2">fast</subfield>
            <subfield code="0">(OCoLC)fst01208755</subfield>
          </datafield>
          <datafield tag="648" ind1=" " ind2="7">
            <subfield code="a">To 332 B.C.</subfield>
            <subfield code="2">fast</subfield>
          </datafield>
          <datafield tag="655" ind1=" " ind2="7">
            <subfield code="a">Adventure stories.</subfield>
            <subfield code="2">fast</subfield>
            <subfield code="0">(OCoLC)fst01726519</subfield>
          </datafield>
          <datafield tag="655" ind1=" " ind2="7">
            <subfield code="a">Fiction.</subfield>
            <subfield code="2">fast</subfield>
            <subfield code="0">(OCoLC)fst01423787</subfield>
          </datafield>
          <datafield tag="655" ind1=" " ind2="7">
            <subfield code="a">Juvenile works.</subfield>
            <subfield code="2">fast</subfield>
            <subfield code="0">(OCoLC)fst01411637</subfield>
          </datafield>
          <datafield tag="700" ind1="1" ind2=" ">
            <subfield code="a">Smith, Lane,</subfield>
            <subfield code="e">illustrator.</subfield>
          </datafield>
          <datafield tag="800" ind1="1" ind2=" ">
            <subfield code="a">Scieszka, Jon.</subfield>
            <subfield code="t">Time warp trio.</subfield>
          </datafield>
          <datafield tag="938" ind1=" " ind2=" ">
            <subfield code="a">Baker &amp; Taylor</subfield>
            <subfield code="b">BKTY</subfield>
            <subfield code="c">4.99</subfield>
            <subfield code="d">3.74</subfield>
            <subfield code="i">0140363602</subfield>
            <subfield code="n">0003101647</subfield>
            <subfield code="s">active</subfield>
          </datafield>
          <datafield tag="938" ind1=" " ind2=" ">
            <subfield code="a">Baker and Taylor</subfield>
            <subfield code="b">BTCP</subfield>
            <subfield code="n">bl 98006797</subfield>
          </datafield>
          <datafield tag="938" ind1=" " ind2=" ">
            <subfield code="a">YBP Library Services</subfield>
            <subfield code="b">YANK</subfield>
            <subfield code="n">7971321</subfield>
          </datafield>
          <datafield tag="949" ind1=" " ind2=" ">
            <subfield code="b">33151009178973</subfield>
          </datafield>
          <datafield tag="994" ind1=" " ind2=" ">
            <subfield code="a">C0</subfield>
            <subfield code="b">MVS</subfield>
          </datafield>
          <datafield tag="900" ind1="0" ind2=" ">
            <subfield code="b">MILL</subfield>
            <subfield code="c">J</subfield>
            <subfield code="h">PZ7.S</subfield>
            <subfield code="8">2237568920003569</subfield>
          </datafield>
        </record>
      </metadata>
    </record>