
    <record>
      <header>
        <identifier>oai:alma.01SSHELCOMILLRSVL:997545626103569</identifier>
        <datestamp>2019-02-01T12:06:40Z</datestamp>
        <setSpec>EDS:Set01</setSpec>
      </header>
      <metadata>
        <record xmlns="http://www.loc.gov/MARC21/slim" xmlns:xsi="http://www.w3.org/2001/XMLSchema-instance" xsi:schemaLocation="http://www.loc.gov/MARC21/slim http://www.loc.gov/standards/marcxml/schema/MARC21slim.xsd" >
          <leader>02837cam a2200553 i 4500</leader>
          <controlfield tag="005">20170731134848.0</controlfield>
          <controlfield tag="008">120405m20129999nyua     6    000 1 eng  </controlfield>
          <controlfield tag="001">997545626103569</controlfield>
          <datafield tag="010" ind1=" " ind2=" ">
            <subfield code="a">  2012011400</subfield>
          </datafield>
          <datafield tag="019" ind1=" " ind2=" ">
            <subfield code="a">826068290</subfield>
            <subfield code="a">956709514</subfield>
          </datafield>
          <datafield tag="020" ind1=" " ind2=" ">
            <subfield code="a">9781596435162</subfield>
            <subfield code="q">(bk. 1 ;</subfield>
            <subfield code="q">pbk.)</subfield>
          </datafield>
          <datafield tag="020" ind1=" " ind2=" ">
            <subfield code="a">159643516X</subfield>
            <subfield code="q">(bk. 1 ;</subfield>
            <subfield code="q">pbk.)</subfield>
          </datafield>
          <datafield tag="020" ind1=" " ind2=" ">
            <subfield code="a">9781596437609</subfield>
            <subfield code="q">(bk. 2 ;</subfield>
            <subfield code="q">pbk.)</subfield>
          </datafield>
          <datafield tag="020" ind1=" " ind2=" ">
            <subfield code="a">159643760X</subfield>
            <subfield code="q">(bk. 2 ;</subfield>
            <subfield code="q">pbk.)</subfield>
          </datafield>
          <datafield tag="035" ind1=" " ind2=" ">
            <subfield code="a">(OCoLC)778422655</subfield>
            <subfield code="z">(OCoLC)826068290</subfield>
            <subfield code="z">(OCoLC)956709514</subfield>
          </datafield>
          <datafield tag="035" ind1=" " ind2=" ">
            <subfield code="a">(OCoLC)ocn778422655</subfield>
          </datafield>
          <datafield tag="040" ind1=" " ind2=" ">
            <subfield code="a">DLC</subfield>
            <subfield code="b">eng</subfield>
            <subfield code="e">rda</subfield>
            <subfield code="c">DLC</subfield>
            <subfield code="d">BTCTA</subfield>
            <subfield code="d">JP3</subfield>
            <subfield code="d">YDXCP</subfield>
            <subfield code="d">WIM</subfield>
            <subfield code="d">VP@</subfield>
            <subfield code="d">UIU</subfield>
            <subfield code="d">ZCU</subfield>
            <subfield code="d">OSU</subfield>
            <subfield code="d">VKC</subfield>
            <subfield code="d">P4I</subfield>
            <subfield code="d">PUL</subfield>
            <subfield code="d">OCLCQ</subfield>
            <subfield code="d">OCLCF</subfield>
            <subfield code="d">OCLCO</subfield>
            <subfield code="d">M$K</subfield>
          </datafield>
          <datafield tag="042" ind1=" " ind2=" ">
            <subfield code="a">pcc</subfield>
          </datafield>
          <datafield tag="043" ind1=" " ind2=" ">
            <subfield code="a">n-us---</subfield>
          </datafield>
          <datafield tag="050" ind1="0" ind2="0">
            <subfield code="a">PN6727.K487</subfield>
            <subfield code="b">T86 2012</subfield>
          </datafield>
          <datafield tag="082" ind1="0" ind2="0">
            <subfield code="a">741.5/973</subfield>
            <subfield code="2">23</subfield>
          </datafield>
          <datafield tag="100" ind1="1" ind2=" ">
            <subfield code="a">Kim, Derek Kirk.</subfield>
          </datafield>
          <datafield tag="245" ind1="1" ind2="0">
            <subfield code="a">Tune /</subfield>
            <subfield code="c">Derek Kirk Kim.</subfield>
          </datafield>
          <datafield tag="250" ind1=" " ind2=" ">
            <subfield code="a">First edition.</subfield>
          </datafield>
          <datafield tag="264" ind1=" " ind2="1">
            <subfield code="a">New York :</subfield>
            <subfield code="b">First Second,</subfield>
            <subfield code="c">2012-</subfield>
          </datafield>
          <datafield tag="300" ind1=" " ind2=" ">
            <subfield code="a">volumes &lt;1-2&gt; :</subfield>
            <subfield code="b">illustrations ;</subfield>
            <subfield code="c">22 cm</subfield>
          </datafield>
          <datafield tag="336" ind1=" " ind2=" ">
            <subfield code="a">text</subfield>
            <subfield code="b">txt</subfield>
            <subfield code="2">rdacontent</subfield>
          </datafield>
          <datafield tag="336" ind1=" " ind2=" ">
            <subfield code="a">still image</subfield>
            <subfield code="b">sti</subfield>
            <subfield code="2">rdacontent</subfield>
          </datafield>
          <datafield tag="337" ind1=" " ind2=" ">
            <subfield code="a">unmediated</subfield>
            <subfield code="b">n</subfield>
            <subfield code="2">rdamedia</subfield>
          </datafield>
          <datafield tag="338" ind1=" " ind2=" ">
            <subfield code="a">volume</subfield>
            <subfield code="b">nc</subfield>
            <subfield code="2">rdacarrier</subfield>
          </datafield>
          <datafield tag="505" ind1="0" ind2="0">
            <subfield code="g">Bk. 1.</subfield>
            <subfield code="t">Vanishing point --</subfield>
            <subfield code="g">Bk. 2.</subfield>
            <subfield code="t">Still Life.</subfield>
          </datafield>
          <datafield tag="520" ind1=" " ind2=" ">
            <subfield code="a">Andy's life is going nowhere, fast. He left art school with his career all worked out ahead of time, but ... to say it didn't work out is the understatement of the century. Unemployed and living with his overbearing parents, Andy struggles to keep sight of the lofty goals that once drove him. But it's hard, even when he reconnects with his old art school crush, Yumi. Things look better, briefly, with Yumi back in the picture and an actual job offer on the table. But then Andy takes the job offer--to work at a zoo--and finds himself in an alternate dimension. The zoo? Is run by aliens. The exhibit? Is him.</subfield>
          </datafield>
          <datafield tag="650" ind1=" " ind2="0">
            <subfield code="a">Young men</subfield>
            <subfield code="x">Conduct of life</subfield>
            <subfield code="v">Comic books, strips, etc.</subfield>
            <subfield code="v">Juvenile literature.</subfield>
          </datafield>
          <datafield tag="650" ind1=" " ind2="0">
            <subfield code="a">Illustrators</subfield>
            <subfield code="v">Comic books, strips, etc.</subfield>
            <subfield code="v">Juvenile literature.</subfield>
          </datafield>
          <datafield tag="650" ind1=" " ind2="0">
            <subfield code="a">Human-alien encounters</subfield>
            <subfield code="v">Comic books, strips, etc.</subfield>
            <subfield code="v">Juvenile literature.</subfield>
          </datafield>
          <datafield tag="650" ind1=" " ind2="0">
            <subfield code="a">Occupations</subfield>
            <subfield code="v">Comic books, strips, etc.</subfield>
            <subfield code="v">Juvenile literature.</subfield>
          </datafield>
          <datafield tag="650" ind1=" " ind2="0">
            <subfield code="a">Unemployment</subfield>
            <subfield code="v">Comic books, strips, etc.</subfield>
            <subfield code="v">Juvenile literature.</subfield>
          </datafield>
          <datafield tag="650" ind1=" " ind2="7">
            <subfield code="a">Human-alien encounters.</subfield>
            <subfield code="2">fast</subfield>
            <subfield code="0">(OCoLC)fst00963475</subfield>
          </datafield>
          <datafield tag="650" ind1=" " ind2="7">
            <subfield code="a">Illustrators.</subfield>
            <subfield code="2">fast</subfield>
            <subfield code="0">(OCoLC)fst00967426</subfield>
          </datafield>
          <datafield tag="650" ind1=" " ind2="7">
            <subfield code="a">Occupations.</subfield>
            <subfield code="2">fast</subfield>
            <subfield code="0">(OCoLC)fst01043384</subfield>
          </datafield>
          <datafield tag="650" ind1=" " ind2="7">
            <subfield code="a">Unemployment.</subfield>
            <subfield code="2">fast</subfield>
            <subfield code="0">(OCoLC)fst01161213</subfield>
          </datafield>
          <datafield tag="650" ind1=" " ind2="7">
            <subfield code="a">Young men</subfield>
            <subfield code="x">Conduct of life.</subfield>
            <subfield code="2">fast</subfield>
            <subfield code="0">(OCoLC)fst01183266</subfield>
          </datafield>
          <datafield tag="655" ind1=" " ind2="0">
            <subfield code="a">Graphic novels.</subfield>
          </datafield>
          <datafield tag="655" ind1=" " ind2="7">
            <subfield code="a">Comic books, strips, etc.</subfield>
            <subfield code="2">fast</subfield>
            <subfield code="0">(OCoLC)fst01423722</subfield>
          </datafield>
          <datafield tag="655" ind1=" " ind2="7">
            <subfield code="a">Graphic novels.</subfield>
            <subfield code="2">fast</subfield>
            <subfield code="0">(OCoLC)fst01726630</subfield>
          </datafield>
          <datafield tag="938" ind1=" " ind2=" ">
            <subfield code="a">Baker and Taylor</subfield>
            <subfield code="b">BTCP</subfield>
            <subfield code="n">BK0010830540</subfield>
          </datafield>
          <datafield tag="938" ind1=" " ind2=" ">
            <subfield code="a">YBP Library Services</subfield>
            <subfield code="b">YANK</subfield>
            <subfield code="n">7647203</subfield>
          </datafield>
          <datafield tag="948" ind1=" " ind2=" ">
            <subfield code="h">HELD BY MVS - 287 OTHER HOLDINGS</subfield>
          </datafield>
          <datafield tag="994" ind1=" " ind2=" ">
            <subfield code="a">Z0</subfield>
            <subfield code="b">MVS</subfield>
          </datafield>
          <datafield tag="900" ind1="0" ind2=" ">
            <subfield code="b">MILL</subfield>
            <subfield code="c">J</subfield>
            <subfield code="h">PN6727.K487</subfield>
            <subfield code="i">T86 2012</subfield>
            <subfield code="8">2226540180003569</subfield>
          </datafield>
        </record>
      </metadata>
    </record>