
    <record>
      <header>
        <identifier>oai:alma.01SSHELCOMILLRSVL:997626720003569</identifier>
        <datestamp>2019-02-01T12:06:40Z</datestamp>
        <setSpec>EDS:Set01</setSpec>
      </header>
      <metadata>
        <record xmlns="http://www.loc.gov/MARC21/slim" xmlns:xsi="http://www.w3.org/2001/XMLSchema-instance" xsi:schemaLocation="http://www.loc.gov/MARC21/slim http://www.loc.gov/standards/marcxml/schema/MARC21slim.xsd" >
          <leader>02402cam  2200577Ia 4500</leader>
          <controlfield tag="005">20181023152308.0</controlfield>
          <controlfield tag="008">100915s2011    nyua   a      000 1 eng d</controlfield>
          <controlfield tag="001">997626720003569</controlfield>
          <datafield tag="010" ind1=" " ind2=" ">
            <subfield code="a">  2011275206</subfield>
          </datafield>
          <datafield tag="020" ind1=" " ind2=" ">
            <subfield code="a">9780312647056 (hbk.)</subfield>
          </datafield>
          <datafield tag="020" ind1=" " ind2=" ">
            <subfield code="a">0312647050 (hbk.)</subfield>
          </datafield>
          <datafield tag="020" ind1=" " ind2=" ">
            <subfield code="a">9780312647216</subfield>
            <subfield code="q">(pbk.)</subfield>
          </datafield>
          <datafield tag="020" ind1=" " ind2=" ">
            <subfield code="a">0312647212</subfield>
            <subfield code="q">(pbk.)</subfield>
          </datafield>
          <datafield tag="035" ind1=" " ind2=" ">
            <subfield code="a">(OCoLC)664667507</subfield>
          </datafield>
          <datafield tag="035" ind1=" " ind2=" ">
            <subfield code="a">(OCoLC)ocn664667507</subfield>
          </datafield>
          <datafield tag="040" ind1=" " ind2=" ">
            <subfield code="a">BTCTA</subfield>
            <subfield code="b">eng</subfield>
            <subfield code="c">BTCTA</subfield>
            <subfield code="d">OCO</subfield>
            <subfield code="d">XY4</subfield>
            <subfield code="d">YDXCP</subfield>
            <subfield code="d">OCLCQ</subfield>
            <subfield code="d">BDX</subfield>
            <subfield code="d">DLC</subfield>
            <subfield code="d">UIU</subfield>
            <subfield code="d">OCLCO</subfield>
            <subfield code="d">OCLCF</subfield>
            <subfield code="d">OCLCO</subfield>
            <subfield code="d">OCLCQ</subfield>
            <subfield code="d">DILBD</subfield>
            <subfield code="d">FEM</subfield>
            <subfield code="d">CHILD</subfield>
            <subfield code="d">OCLCQ</subfield>
            <subfield code="d">WLM</subfield>
            <subfield code="d">OCLCO</subfield>
            <subfield code="d">TXJDC</subfield>
            <subfield code="d">DLC</subfield>
            <subfield code="d">MVS</subfield>
          </datafield>
          <datafield tag="049" ind1=" " ind2=" ">
            <subfield code="a">MVSS</subfield>
          </datafield>
          <datafield tag="050" ind1="0" ind2="0">
            <subfield code="a">PZ7.H5574</subfield>
            <subfield code="b">Bl 2011</subfield>
          </datafield>
          <datafield tag="082" ind1="0" ind2="4">
            <subfield code="a">[E]</subfield>
            <subfield code="2">22</subfield>
          </datafield>
          <datafield tag="100" ind1="1" ind2=" ">
            <subfield code="a">Hill, Susan,</subfield>
            <subfield code="d">1965-</subfield>
          </datafield>
          <datafield tag="245" ind1="1" ind2="0">
            <subfield code="a">Black Beauty and the thunderstorm /</subfield>
            <subfield code="c">story by Susan Hill ; illustrated by Bill Farnsworth ; inspired by Anna Sewell's Black Beauty.</subfield>
          </datafield>
          <datafield tag="250" ind1=" " ind2=" ">
            <subfield code="a">1st ed.</subfield>
          </datafield>
          <datafield tag="260" ind1=" " ind2=" ">
            <subfield code="a">New York :</subfield>
            <subfield code="b">Square Fish/Macmillan Children's Pub. Group,</subfield>
            <subfield code="c">©2011.</subfield>
          </datafield>
          <datafield tag="300" ind1=" " ind2=" ">
            <subfield code="a">48 pages :</subfield>
            <subfield code="b">color illustrations ;</subfield>
            <subfield code="c">24 cm.</subfield>
          </datafield>
          <datafield tag="336" ind1=" " ind2=" ">
            <subfield code="a">text</subfield>
            <subfield code="b">txt</subfield>
            <subfield code="2">rdacontent</subfield>
          </datafield>
          <datafield tag="337" ind1=" " ind2=" ">
            <subfield code="a">unmediated</subfield>
            <subfield code="b">n</subfield>
            <subfield code="2">rdamedia</subfield>
          </datafield>
          <datafield tag="338" ind1=" " ind2=" ">
            <subfield code="a">volume</subfield>
            <subfield code="b">nc</subfield>
            <subfield code="2">rdacarrier</subfield>
          </datafield>
          <datafield tag="490" ind1="1" ind2=" ">
            <subfield code="a">My readers. Level 3</subfield>
          </datafield>
          <datafield tag="500" ind1=" " ind2=" ">
            <subfield code="a">"Breyer."</subfield>
          </datafield>
          <datafield tag="500" ind1=" " ind2=" ">
            <subfield code="a">"Classic stories -- Classic characters"--Cover.</subfield>
          </datafield>
          <datafield tag="520" ind1=" " ind2=" ">
            <subfield code="a">One night during a thunderstorm, Dolly, the daughter of Black Beauty's owner, runs out of the barn to find her cat and Black Beauty, after searching for her everywhere, finds Dolly struggling to swim after she has fallen into the river.</subfield>
          </datafield>
          <datafield tag="526" ind1="0" ind2=" ">
            <subfield code="a">Lexile 520L.</subfield>
          </datafield>
          <datafield tag="526" ind1="0" ind2=" ">
            <subfield code="a">Accelerated Reader</subfield>
            <subfield code="b">Grades K-4</subfield>
            <subfield code="c">3</subfield>
            <subfield code="d">0.5</subfield>
            <subfield code="x">SD</subfield>
            <subfield code="z">Quiz 144333</subfield>
            <subfield code="z">English fiction.</subfield>
          </datafield>
          <datafield tag="650" ind1=" " ind2="0">
            <subfield code="a">Horses</subfield>
            <subfield code="v">Juvenile fiction.</subfield>
          </datafield>
          <datafield tag="650" ind1=" " ind2="0">
            <subfield code="a">Thunderstorms</subfield>
            <subfield code="v">Juvenile fiction.</subfield>
          </datafield>
          <datafield tag="650" ind1=" " ind2="0">
            <subfield code="a">Readers</subfield>
            <subfield code="v">Juvenile fiction.</subfield>
          </datafield>
          <datafield tag="650" ind1=" " ind2="7">
            <subfield code="a">Horses.</subfield>
            <subfield code="2">fast</subfield>
            <subfield code="0">(OCoLC)fst00960603</subfield>
          </datafield>
          <datafield tag="650" ind1=" " ind2="7">
            <subfield code="a">Readers.</subfield>
            <subfield code="2">fast</subfield>
            <subfield code="0">(OCoLC)fst01090554</subfield>
          </datafield>
          <datafield tag="650" ind1=" " ind2="7">
            <subfield code="a">Thunderstorms.</subfield>
            <subfield code="2">fast</subfield>
            <subfield code="0">(OCoLC)fst01150494</subfield>
          </datafield>
          <datafield tag="655" ind1=" " ind2="7">
            <subfield code="a">Fiction.</subfield>
            <subfield code="2">fast</subfield>
            <subfield code="0">(OCoLC)fst01423787</subfield>
          </datafield>
          <datafield tag="655" ind1=" " ind2="7">
            <subfield code="a">Juvenile works.</subfield>
            <subfield code="2">fast</subfield>
            <subfield code="0">(OCoLC)fst01411637</subfield>
          </datafield>
          <datafield tag="655" ind1=" " ind2="7">
            <subfield code="a">Easy books.</subfield>
            <subfield code="2">local</subfield>
          </datafield>
          <datafield tag="700" ind1="1" ind2=" ">
            <subfield code="a">Farnsworth, Bill.</subfield>
          </datafield>
          <datafield tag="700" ind1="1" ind2=" ">
            <subfield code="a">Sewell, Anna,</subfield>
            <subfield code="d">1820-1878.</subfield>
            <subfield code="t">Black Beauty.</subfield>
          </datafield>
          <datafield tag="830" ind1=" " ind2="0">
            <subfield code="a">My readers.</subfield>
            <subfield code="n">Level 3.</subfield>
          </datafield>
          <datafield tag="938" ind1=" " ind2=" ">
            <subfield code="a">Brodart</subfield>
            <subfield code="b">BROD</subfield>
            <subfield code="n">12322679</subfield>
            <subfield code="c">$3.99</subfield>
          </datafield>
          <datafield tag="938" ind1=" " ind2=" ">
            <subfield code="a">Baker and Taylor</subfield>
            <subfield code="b">BTCP</subfield>
            <subfield code="n">BK0009246711</subfield>
          </datafield>
          <datafield tag="938" ind1=" " ind2=" ">
            <subfield code="a">Children's Plus, Inc.</subfield>
            <subfield code="b">CHIL</subfield>
            <subfield code="n">1648101</subfield>
          </datafield>
          <datafield tag="938" ind1=" " ind2=" ">
            <subfield code="a">YBP Library Services</subfield>
            <subfield code="b">YANK</subfield>
            <subfield code="n">7041168</subfield>
          </datafield>
          <datafield tag="949" ind1=" " ind2=" ">
            <subfield code="3">3151009175235</subfield>
          </datafield>
          <datafield tag="994" ind1=" " ind2=" ">
            <subfield code="a">C0</subfield>
            <subfield code="b">MVS</subfield>
          </datafield>
          <datafield tag="900" ind1="0" ind2=" ">
            <subfield code="b">MILL</subfield>
            <subfield code="c">J</subfield>
            <subfield code="h">PZ7.H5574</subfield>
            <subfield code="i">Bl 2011</subfield>
            <subfield code="8">2235607470003569</subfield>
          </datafield>
        </record>
      </metadata>
    </record>