
    <record>
      <header>
        <identifier>oai:alma.01SSHELCOMILLRSVL:997644518503569</identifier>
        <datestamp>2019-02-01T12:06:40Z</datestamp>
        <setSpec>EDS:Set01</setSpec>
      </header>
      <metadata>
        <record xmlns="http://www.loc.gov/MARC21/slim" xmlns:xsi="http://www.w3.org/2001/XMLSchema-instance" xsi:schemaLocation="http://www.loc.gov/MARC21/slim http://www.loc.gov/standards/marcxml/schema/MARC21slim.xsd" >
          <leader>02542cam a2200685Ii 4500</leader>
          <controlfield tag="005">20190122094650.0</controlfield>
          <controlfield tag="008">160713s2015    nyua   a      000 1 eng d</controlfield>
          <controlfield tag="001">997644518503569</controlfield>
          <datafield tag="010" ind1=" " ind2=" ">
            <subfield code="a">  2016296365</subfield>
          </datafield>
          <datafield tag="015" ind1=" " ind2=" ">
            <subfield code="a">GBB5A9369</subfield>
            <subfield code="2">bnb</subfield>
          </datafield>
          <datafield tag="016" ind1="7" ind2=" ">
            <subfield code="a">017486113</subfield>
            <subfield code="2">Uk</subfield>
          </datafield>
          <datafield tag="019" ind1=" " ind2=" ">
            <subfield code="a">927158247</subfield>
            <subfield code="a">929683126</subfield>
          </datafield>
          <datafield tag="020" ind1=" " ind2=" ">
            <subfield code="a">1250056268</subfield>
          </datafield>
          <datafield tag="020" ind1=" " ind2=" ">
            <subfield code="a">9781250056269</subfield>
          </datafield>
          <datafield tag="020" ind1=" " ind2=" ">
            <subfield code="a">9781250025944</subfield>
          </datafield>
          <datafield tag="020" ind1=" " ind2=" ">
            <subfield code="a">125002594X</subfield>
          </datafield>
          <datafield tag="029" ind1="1" ind2=" ">
            <subfield code="a">AU@</subfield>
            <subfield code="b">000055245705</subfield>
          </datafield>
          <datafield tag="029" ind1="1" ind2=" ">
            <subfield code="a">AU@</subfield>
            <subfield code="b">000056401291</subfield>
          </datafield>
          <datafield tag="029" ind1="1" ind2=" ">
            <subfield code="a">NZ1</subfield>
            <subfield code="b">16119371</subfield>
          </datafield>
          <datafield tag="029" ind1="1" ind2=" ">
            <subfield code="a">UNITY</subfield>
            <subfield code="b">136809006</subfield>
          </datafield>
          <datafield tag="029" ind1="1" ind2=" ">
            <subfield code="a">UKMGB</subfield>
            <subfield code="b">017486113</subfield>
          </datafield>
          <datafield tag="035" ind1=" " ind2=" ">
            <subfield code="a">(OCoLC)892701979</subfield>
            <subfield code="z">(OCoLC)927158247</subfield>
            <subfield code="z">(OCoLC)929683126</subfield>
          </datafield>
          <datafield tag="035" ind1=" " ind2=" ">
            <subfield code="a">(OCoLC)ocn892701979</subfield>
          </datafield>
          <datafield tag="040" ind1=" " ind2=" ">
            <subfield code="a">YDXCP</subfield>
            <subfield code="b">eng</subfield>
            <subfield code="e">rda</subfield>
            <subfield code="c">DLC</subfield>
            <subfield code="d">YDXCP</subfield>
            <subfield code="d">BTCTA</subfield>
            <subfield code="d">BDX</subfield>
            <subfield code="d">UOK</subfield>
            <subfield code="d">ORX</subfield>
            <subfield code="d">WIM</subfield>
            <subfield code="d">IH7</subfield>
            <subfield code="d">ZHB</subfield>
            <subfield code="d">EHH</subfield>
            <subfield code="d">OCLCF</subfield>
            <subfield code="d">UIU</subfield>
            <subfield code="d">MX7</subfield>
            <subfield code="d">VP@</subfield>
            <subfield code="d">CD5</subfield>
            <subfield code="d">SHM</subfield>
            <subfield code="d">OCLCQ</subfield>
            <subfield code="d">OCLCO</subfield>
            <subfield code="d">MTB</subfield>
            <subfield code="d">LTSCA</subfield>
            <subfield code="d">ALRCP</subfield>
            <subfield code="d">BYV</subfield>
            <subfield code="d">CHILD</subfield>
            <subfield code="d">KJ6</subfield>
            <subfield code="d">KSU</subfield>
            <subfield code="d">UKMGB</subfield>
            <subfield code="d">MVS</subfield>
          </datafield>
          <datafield tag="042" ind1=" " ind2=" ">
            <subfield code="a">lccopycat</subfield>
          </datafield>
          <datafield tag="049" ind1=" " ind2=" ">
            <subfield code="a">MVSS</subfield>
          </datafield>
          <datafield tag="050" ind1="0" ind2="0">
            <subfield code="a">PZ8.3.T4545</subfield>
            <subfield code="b">Yo 2015</subfield>
          </datafield>
          <datafield tag="082" ind1="0" ind2="4">
            <subfield code="a">[E]</subfield>
            <subfield code="2">23</subfield>
          </datafield>
          <datafield tag="100" ind1="1" ind2=" ">
            <subfield code="a">Tillman, Nancy,</subfield>
            <subfield code="e">author,</subfield>
            <subfield code="e">illustrator.</subfield>
          </datafield>
          <datafield tag="245" ind1="1" ind2="0">
            <subfield code="a">You're here for a reason /</subfield>
            <subfield code="c">Nancy Tillman.</subfield>
          </datafield>
          <datafield tag="246" ind1="3" ind2=" ">
            <subfield code="a">You are here for a reason</subfield>
          </datafield>
          <datafield tag="250" ind1=" " ind2=" ">
            <subfield code="a">First edition.</subfield>
          </datafield>
          <datafield tag="264" ind1=" " ind2="1">
            <subfield code="a">New York :</subfield>
            <subfield code="b">Feiwel and Friends,</subfield>
            <subfield code="c">2015.</subfield>
          </datafield>
          <datafield tag="300" ind1=" " ind2=" ">
            <subfield code="a">33 unnumbered pages :</subfield>
            <subfield code="b">color illustrations ;</subfield>
            <subfield code="c">26 cm</subfield>
          </datafield>
          <datafield tag="336" ind1=" " ind2=" ">
            <subfield code="a">text</subfield>
            <subfield code="b">txt</subfield>
            <subfield code="2">rdacontent</subfield>
          </datafield>
          <datafield tag="336" ind1=" " ind2=" ">
            <subfield code="a">still image</subfield>
            <subfield code="b">sti</subfield>
            <subfield code="2">rdacontent</subfield>
          </datafield>
          <datafield tag="337" ind1=" " ind2=" ">
            <subfield code="a">unmediated</subfield>
            <subfield code="b">n</subfield>
            <subfield code="2">rdamedia</subfield>
          </datafield>
          <datafield tag="338" ind1=" " ind2=" ">
            <subfield code="a">volume</subfield>
            <subfield code="b">nc</subfield>
            <subfield code="2">rdacarrier</subfield>
          </datafield>
          <datafield tag="520" ind1=" " ind2=" ">
            <subfield code="a">Shows how each of us fits into life's big picture, and how the world would be incomplete without each person in it.</subfield>
          </datafield>
          <datafield tag="521" ind1="1" ind2=" ">
            <subfield code="a">Ages 4-8 years.</subfield>
          </datafield>
          <datafield tag="650" ind1=" " ind2="0">
            <subfield code="a">Self-esteem</subfield>
            <subfield code="v">Juvenile fiction.</subfield>
          </datafield>
          <datafield tag="650" ind1=" " ind2="0">
            <subfield code="a">Individuality</subfield>
            <subfield code="v">Juvenile fiction.</subfield>
          </datafield>
          <datafield tag="650" ind1=" " ind2="0">
            <subfield code="a">Stories in rhyme.</subfield>
          </datafield>
          <datafield tag="650" ind1=" " ind2="0">
            <subfield code="a">Picture books for children.</subfield>
          </datafield>
          <datafield tag="650" ind1=" " ind2="7">
            <subfield code="a">Individuality.</subfield>
            <subfield code="2">fast</subfield>
            <subfield code="0">(OCoLC)fst00970343</subfield>
          </datafield>
          <datafield tag="650" ind1=" " ind2="7">
            <subfield code="a">Picture books for children.</subfield>
            <subfield code="2">fast</subfield>
            <subfield code="0">(OCoLC)fst01063717</subfield>
          </datafield>
          <datafield tag="650" ind1=" " ind2="7">
            <subfield code="a">Self-esteem.</subfield>
            <subfield code="2">fast</subfield>
            <subfield code="0">(OCoLC)fst01111662</subfield>
          </datafield>
          <datafield tag="650" ind1=" " ind2="7">
            <subfield code="a">Stories in rhyme.</subfield>
            <subfield code="2">fast</subfield>
            <subfield code="0">(OCoLC)fst01739131</subfield>
          </datafield>
          <datafield tag="655" ind1=" " ind2="7">
            <subfield code="a">Fiction.</subfield>
            <subfield code="2">fast</subfield>
            <subfield code="0">(OCoLC)fst01423787</subfield>
          </datafield>
          <datafield tag="655" ind1=" " ind2="7">
            <subfield code="a">Juvenile works.</subfield>
            <subfield code="2">fast</subfield>
            <subfield code="0">(OCoLC)fst01411637</subfield>
          </datafield>
          <datafield tag="655" ind1=" " ind2="7">
            <subfield code="a">Stories in rhyme.</subfield>
            <subfield code="2">fast</subfield>
            <subfield code="0">(OCoLC)fst01921738</subfield>
          </datafield>
          <datafield tag="655" ind1=" " ind2="7">
            <subfield code="a">Easy books.</subfield>
            <subfield code="2">local</subfield>
          </datafield>
          <datafield tag="856" ind1="4" ind2=" ">
            <subfield code="u">http://www.mackids.com</subfield>
          </datafield>
          <datafield tag="938" ind1=" " ind2=" ">
            <subfield code="a">Children's Plus, Inc.</subfield>
            <subfield code="b">CHIL</subfield>
            <subfield code="n">2041338</subfield>
          </datafield>
          <datafield tag="938" ind1=" " ind2=" ">
            <subfield code="a">Children's Plus, Inc.</subfield>
            <subfield code="b">CHIL</subfield>
            <subfield code="n">1936174</subfield>
          </datafield>
          <datafield tag="938" ind1=" " ind2=" ">
            <subfield code="a">Brodart</subfield>
            <subfield code="b">BROD</subfield>
            <subfield code="n">111219949</subfield>
          </datafield>
          <datafield tag="938" ind1=" " ind2=" ">
            <subfield code="a">Baker and Taylor</subfield>
            <subfield code="b">BTCP</subfield>
            <subfield code="n">BK0015791335</subfield>
          </datafield>
          <datafield tag="938" ind1=" " ind2=" ">
            <subfield code="a">YBP Library Services</subfield>
            <subfield code="b">YANK</subfield>
            <subfield code="n">12110521</subfield>
          </datafield>
          <datafield tag="949" ind1=" " ind2=" ">
            <subfield code="b">33151009179765</subfield>
          </datafield>
          <datafield tag="994" ind1=" " ind2=" ">
            <subfield code="a">C0</subfield>
            <subfield code="b">MVS</subfield>
          </datafield>
          <datafield tag="900" ind1="0" ind2=" ">
            <subfield code="b">MILL</subfield>
            <subfield code="c">J</subfield>
            <subfield code="h">PZ8.3.T4545</subfield>
            <subfield code="i">Yo 2015</subfield>
            <subfield code="8">2237556870003569</subfield>
          </datafield>
        </record>
      </metadata>
    </record>