
    <record>
      <header>
        <identifier>oai:alma.01SSHELCOMILLRSVL:997629025303569</identifier>
        <datestamp>2019-02-01T12:06:40Z</datestamp>
        <setSpec>EDS:Set01</setSpec>
      </header>
      <metadata>
        <record xmlns="http://www.loc.gov/MARC21/slim" xmlns:xsi="http://www.w3.org/2001/XMLSchema-instance" xsi:schemaLocation="http://www.loc.gov/MARC21/slim http://www.loc.gov/standards/marcxml/schema/MARC21slim.xsd" >
          <leader>05617cam a2200517Ii 4500</leader>
          <controlfield tag="005">20180809132331.0</controlfield>
          <controlfield tag="008">180505t20182018vaua     b    000 0 eng d</controlfield>
          <controlfield tag="001">997629025303569</controlfield>
          <datafield tag="019" ind1=" " ind2=" ">
            <subfield code="a">1034656178</subfield>
            <subfield code="a">1034945170</subfield>
          </datafield>
          <datafield tag="020" ind1=" " ind2=" ">
            <subfield code="a">9781680540093</subfield>
            <subfield code="q">paperback</subfield>
          </datafield>
          <datafield tag="020" ind1=" " ind2=" ">
            <subfield code="a">1680540092</subfield>
            <subfield code="q">paperback</subfield>
          </datafield>
          <datafield tag="035" ind1=" " ind2=" ">
            <subfield code="a">(OCoLC)1034576887</subfield>
            <subfield code="z">(OCoLC)1034656178</subfield>
            <subfield code="z">(OCoLC)1034945170</subfield>
          </datafield>
          <datafield tag="035" ind1=" " ind2=" ">
            <subfield code="a">(OCoLC)on1034576887</subfield>
          </datafield>
          <datafield tag="040" ind1=" " ind2=" ">
            <subfield code="a">YDX</subfield>
            <subfield code="b">eng</subfield>
            <subfield code="e">rda</subfield>
            <subfield code="c">YDX</subfield>
            <subfield code="d">RID</subfield>
            <subfield code="d">CPL</subfield>
            <subfield code="d">OBE</subfield>
            <subfield code="d">OCLCF</subfield>
          </datafield>
          <datafield tag="043" ind1=" " ind2=" ">
            <subfield code="a">n-us---</subfield>
          </datafield>
          <datafield tag="050" ind1=" " ind2="4">
            <subfield code="a">QA13</subfield>
            <subfield code="b">R444 2018</subfield>
          </datafield>
          <datafield tag="050" ind1=" " ind2="4">
            <subfield code="a">QA1</subfield>
            <subfield code="b">.N3 2018</subfield>
          </datafield>
          <datafield tag="245" ind1="0" ind2="0">
            <subfield code="a">Rehumanizing mathematics for Black, Indigenous, and Latinx students /</subfield>
            <subfield code="c">Imani Goffney, Rochelle Gutiérrez, volume editors ; Melissa Boston, series editor.</subfield>
          </datafield>
          <datafield tag="264" ind1=" " ind2="1">
            <subfield code="a">Reston, VA :</subfield>
            <subfield code="b">National Council of Teachers of Mathematics,</subfield>
            <subfield code="c">[2018]</subfield>
          </datafield>
          <datafield tag="264" ind1=" " ind2="4">
            <subfield code="c">©2018</subfield>
          </datafield>
          <datafield tag="300" ind1=" " ind2=" ">
            <subfield code="a">vi, 170 pages :</subfield>
            <subfield code="b">illustrations ;</subfield>
            <subfield code="c">26 cm.</subfield>
          </datafield>
          <datafield tag="336" ind1=" " ind2=" ">
            <subfield code="a">text</subfield>
            <subfield code="b">txt</subfield>
            <subfield code="2">rdacontent</subfield>
          </datafield>
          <datafield tag="337" ind1=" " ind2=" ">
            <subfield code="a">unmediated</subfield>
            <subfield code="b">n</subfield>
            <subfield code="2">rdamedia</subfield>
          </datafield>
          <datafield tag="338" ind1=" " ind2=" ">
            <subfield code="a">volume</subfield>
            <subfield code="b">nc</subfield>
            <subfield code="2">rdacarrier</subfield>
          </datafield>
          <datafield tag="490" ind1="1" ind2=" ">
            <subfield code="a">Annual perspectives in mathematics education,</subfield>
            <subfield code="x">2332-6336 ;</subfield>
            <subfield code="v">2018</subfield>
          </datafield>
          <datafield tag="504" ind1=" " ind2=" ">
            <subfield code="a">Includes bibliographical references.</subfield>
          </datafield>
          <datafield tag="505" ind1="0" ind2="0">
            <subfield code="t">Preface /</subfield>
            <subfield code="r">Melissa Boston --</subfield>
            <subfield code="t">Introduction : The Need to Rehumanize Mathematics /</subfield>
            <subfield code="r">Rochelle Gutiérrez --</subfield>
            <subfield code="g">PART I.</subfield>
            <subfield code="t">Attending to Students' Identities through Learning.</subfield>
            <subfield code="t">Toward Indigenous Making and Sharing : Implications for Mathematics Learning /</subfield>
            <subfield code="r">Filiberto Barajas-López and Megan Bang --</subfield>
            <subfield code="t">Girls STEM Institute : Transforming and Empowering Black Girls in Mathematics  through STEM /</subfield>
            <subfield code="r">Crystal Hill Morton and Demetrice Smith-Mutegi --</subfield>
            <subfield code="t">Shades of Blackness : Rehumanizing Mathematics Education through an Understanding of Sub-Saharan African Immigrants /</subfield>
            <subfield code="r">Oyemolade Osibodu and Missy D. Cosby --</subfield>
            <subfield code="t">We Fear No Number : Humanizing Mathematics Teaching and Learning for Black Girls /</subfield>
            <subfield code="r">Nicole M. Joseph and Norman V. Alston --</subfield>
            <subfield code="t">Every Penny Counts : Promoting Community Engagement to Engage Students in Mathematical Modeling /</subfield>
            <subfield code="r">Jennifer Suh, Lauren Britton, Kristen Burke, Kathleen Matson, Linda Ferguson, Spencer Jamieson, and Padmanabhan Seshaiyer --</subfield>
            <subfield code="g">PART II.</subfield>
            <subfield code="t">Professional Development That Embraces Community.</subfield>
            <subfield code="t">"We Don't Think of It in Terms of Math, It's Just the Way of Life" /</subfield>
            <subfield code="r">Bev Caswell, Jason Jones, Marjolaine LaPointe, and Tracy Kabatay --</subfield>
            <subfield code="t">Mathequity Hours : Fostering Wholeness in a Mathematics Learning Community /</subfield>
            <subfield code="r">Aris Winger, Michael Young, Idris Stovall, Sarah Sword, Eden Badertscher, Miriam Gates, Una MacDowell, and Al Cuoco --</subfield>
            <subfield code="g">PART III.</subfield>
            <subfield code="t">Principles for Teaching and Teacher Identity.</subfield>
            <subfield code="t">Centering Students' Mathematical Agency at Northwest Indian College /</subfield>
            <subfield code="r">Zachariah Bunton, Cassandra Cook, and Matteo Tamburini --</subfield>
            <subfield code="t">"I Can Solve All the Problems" : Latinx Students (Re)Write Their Math Stories /</subfield>
            <subfield code="r">Melissa Adams --</subfield>
            <subfield code="t">¿Es lo Mismo? Bilingual Children Counting and Making Sense of Numbers /</subfield>
            <subfield code="r">Cristina Valencia Mazzanti and Martha Allexsaht-Snider --</subfield>
            <subfield code="t">Listening to and Learning with Black Teachers of Mathematics /</subfield>
            <subfield code="r">Toya Jones Frank, Deena Khalil, Beyunka Scates, and Symone Odoms --</subfield>
            <subfield code="t">Where Do We Go from Here?: Next Steps in Rehumanizing Mathematics for Black, Indigenous, and Latinx Students /</subfield>
            <subfield code="r">Imani Goffney.</subfield>
          </datafield>
          <datafield tag="520" ind1="8" ind2=" ">
            <subfield code="a">Mathematics education will never truly improve until it adequately addresses those students whom the system has most failed. The 2018 volume of Annual Perspectives in Mathematics Education (APME) series showcases the efforts of classroom teachers, school counselors and administrators, teacher educators, and education researchers to ensure mathematics teaching and learning is a humane, positive, and powerful experience for students who are Black, Indigenous, and/or Latinx. The book's chapters are grouped into three sections: Attending to Students' Identities through Learning, Professional Development That Embraces Community, and Principles for Teaching and Teacher Identity. To turn our schools into places where children who are Indigenous, Black, and Latinx can thrive, we need to rehumanize our teaching practices. The chapters in this volume describe a variety of initiatives that work to place these often marginalized students--and their identities, backgrounds, challenges, and aspirations--at the center of mathematics teaching and learning. We meet teachers who listen to and learn from their students as they work together to reverse those dehumanizing practices found in traditional mathematics education. With these examples as inspiration, this volume opens a conversation on what mathematics educators can do to enable Latinx, Black, and Indigenous students to build on their strengths and fulfill their promise.</subfield>
          </datafield>
          <datafield tag="650" ind1=" " ind2="0">
            <subfield code="a">Mathematics</subfield>
            <subfield code="x">Study and teaching</subfield>
            <subfield code="x">Social aspects</subfield>
            <subfield code="z">United States.</subfield>
          </datafield>
          <datafield tag="650" ind1=" " ind2="0">
            <subfield code="a">Multicultural education</subfield>
            <subfield code="z">United States.</subfield>
          </datafield>
          <datafield tag="650" ind1=" " ind2="0">
            <subfield code="a">African American students.</subfield>
          </datafield>
          <datafield tag="650" ind1=" " ind2="0">
            <subfield code="a">Hispanic American students.</subfield>
          </datafield>
          <datafield tag="650" ind1=" " ind2="0">
            <subfield code="a">Indian students.</subfield>
          </datafield>
          <datafield tag="650" ind1=" " ind2="7">
            <subfield code="a">African American students.</subfield>
            <subfield code="2">fast</subfield>
            <subfield code="0">(OCoLC)fst00799375</subfield>
          </datafield>
          <datafield tag="650" ind1=" " ind2="7">
            <subfield code="a">Hispanic American students.</subfield>
            <subfield code="2">fast</subfield>
            <subfield code="0">(OCoLC)fst00957450</subfield>
          </datafield>
          <datafield tag="650" ind1=" " ind2="7">
            <subfield code="a">Indian students.</subfield>
            <subfield code="2">fast</subfield>
            <subfield code="0">(OCoLC)fst00969214</subfield>
          </datafield>
          <datafield tag="650" ind1=" " ind2="7">
            <subfield code="a">Mathematics</subfield>
            <subfield code="x">Study and teaching</subfield>
            <subfield code="x">Social aspects.</subfield>
            <subfield code="2">fast</subfield>
            <subfield code="0">(OCoLC)fst01012260</subfield>
          </datafield>
          <datafield tag="650" ind1=" " ind2="7">
            <subfield code="a">Multicultural education.</subfield>
            <subfield code="2">fast</subfield>
            <subfield code="0">(OCoLC)fst01028816</subfield>
          </datafield>
          <datafield tag="651" ind1=" " ind2="7">
            <subfield code="a">United States.</subfield>
            <subfield code="2">fast</subfield>
            <subfield code="0">(OCoLC)fst01204155</subfield>
          </datafield>
          <datafield tag="700" ind1="1" ind2=" ">
            <subfield code="a">Goffney, Imani,</subfield>
            <subfield code="e">editor.</subfield>
          </datafield>
          <datafield tag="700" ind1="1" ind2=" ">
            <subfield code="a">Gutiérrez, Rochelle,</subfield>
            <subfield code="e">editor.</subfield>
          </datafield>
          <datafield tag="700" ind1="1" ind2=" ">
            <subfield code="a">Boston, Melissa,</subfield>
            <subfield code="e">editor.</subfield>
          </datafield>
          <datafield tag="830" ind1=" " ind2="0">
            <subfield code="a">Annual perspectives in mathematics education ... ;</subfield>
            <subfield code="v">2018.</subfield>
          </datafield>
          <datafield tag="938" ind1=" " ind2=" ">
            <subfield code="a">YBP Library Services</subfield>
            <subfield code="b">YANK</subfield>
            <subfield code="n">15338906</subfield>
          </datafield>
          <datafield tag="948" ind1=" " ind2=" ">
            <subfield code="h">HELD BY MVS - 52 OTHER HOLDINGS</subfield>
          </datafield>
          <datafield tag="994" ind1=" " ind2=" ">
            <subfield code="a">Z0</subfield>
            <subfield code="b">MVS</subfield>
          </datafield>
          <datafield tag="900" ind1="0" ind2=" ">
            <subfield code="b">MILL</subfield>
            <subfield code="c">B</subfield>
            <subfield code="h">QA13</subfield>
            <subfield code="i">.R444x 2018</subfield>
            <subfield code="8">2235769730003569</subfield>
          </datafield>
        </record>
      </metadata>
    </record>