
    <record>
      <header>
        <identifier>oai:alma.01SSHELCOMILLRSVL:997630418103569</identifier>
        <datestamp>2019-02-01T12:06:40Z</datestamp>
        <setSpec>EDS:Set01</setSpec>
      </header>
      <metadata>
        <record xmlns="http://www.loc.gov/MARC21/slim" xmlns:xsi="http://www.w3.org/2001/XMLSchema-instance" xsi:schemaLocation="http://www.loc.gov/MARC21/slim http://www.loc.gov/standards/marcxml/schema/MARC21slim.xsd" >
          <leader>02506cam a2200541 a 4500</leader>
          <controlfield tag="005">20181010131718.0</controlfield>
          <controlfield tag="008">040401s1820    maua   j      000 1 eng d</controlfield>
          <controlfield tag="001">997630418103569</controlfield>
          <datafield tag="019" ind1=" " ind2=" ">
            <subfield code="a">20590837</subfield>
          </datafield>
          <datafield tag="035" ind1=" " ind2=" ">
            <subfield code="a">(OCoLC)191277164</subfield>
            <subfield code="z">(OCoLC)20590837</subfield>
          </datafield>
          <datafield tag="035" ind1=" " ind2=" ">
            <subfield code="a">(OCoLC)ocn191277164</subfield>
          </datafield>
          <datafield tag="040" ind1=" " ind2=" ">
            <subfield code="a">AQM</subfield>
            <subfield code="b">eng</subfield>
            <subfield code="e">dcrb</subfield>
            <subfield code="c">AQM</subfield>
            <subfield code="d">OCLCG</subfield>
            <subfield code="d">OCLCF</subfield>
            <subfield code="d">OCLCO</subfield>
            <subfield code="d">OCLCQ</subfield>
            <subfield code="d">OCLCA</subfield>
            <subfield code="d">OCLCQ</subfield>
          </datafield>
          <datafield tag="090" ind1=" " ind2=" ">
            <subfield code="a">BV4571</subfield>
            <subfield code="b">.C35x 1820</subfield>
          </datafield>
          <datafield tag="100" ind1="1" ind2=" ">
            <subfield code="a">Cameron,</subfield>
            <subfield code="c">Mrs.</subfield>
            <subfield code="q">(Lucy Lyttelton),</subfield>
            <subfield code="d">1781-1858.</subfield>
          </datafield>
          <datafield tag="245" ind1="1" ind2="4">
            <subfield code="a">The two lambs. :</subfield>
            <subfield code="b">An allegorical history. /</subfield>
            <subfield code="c">By the author of Margaret Whyte, &amp;c.</subfield>
          </datafield>
          <datafield tag="250" ind1=" " ind2=" ">
            <subfield code="a">Fourth Newburyport edition.</subfield>
          </datafield>
          <datafield tag="260" ind1=" " ind2=" ">
            <subfield code="a">[Newburyport, Mass.] :</subfield>
            <subfield code="b">Published by W. &amp; J. Gilman, printers, booksellers, &amp; librarians, no. 2, Middle-Street.,</subfield>
            <subfield code="c">1820.</subfield>
          </datafield>
          <datafield tag="300" ind1=" " ind2=" ">
            <subfield code="a">23, [1] p. :</subfield>
            <subfield code="b">ill. ;</subfield>
            <subfield code="c">14 cm.</subfield>
          </datafield>
          <datafield tag="336" ind1=" " ind2=" ">
            <subfield code="a">text</subfield>
            <subfield code="b">txt</subfield>
            <subfield code="2">rdacontent</subfield>
          </datafield>
          <datafield tag="337" ind1=" " ind2=" ">
            <subfield code="a">unmediated</subfield>
            <subfield code="b">n</subfield>
            <subfield code="2">rdamedia</subfield>
          </datafield>
          <datafield tag="338" ind1=" " ind2=" ">
            <subfield code="a">volume</subfield>
            <subfield code="b">nc</subfield>
            <subfield code="2">rdacarrier</subfield>
          </datafield>
          <datafield tag="500" ind1=" " ind2=" ">
            <subfield code="a">Cover title: The two lambs. Newburyport, printed by W. &amp; J. Gilman. Sold at their book-store and printing-office, no. 2, Middle-Street. 1820.</subfield>
          </datafield>
          <datafield tag="500" ind1=" " ind2=" ">
            <subfield code="a">By Lucy Lyttelton Cameron.</subfield>
          </datafield>
          <datafield tag="500" ind1=" " ind2=" ">
            <subfield code="a">Pages [1] and [24] blank; pasted to printed wrapper.</subfield>
          </datafield>
          <datafield tag="510" ind1="4" ind2=" ">
            <subfield code="a">Shoemaker</subfield>
            <subfield code="c">654</subfield>
          </datafield>
          <datafield tag="510" ind1="4" ind2=" ">
            <subfield code="a">Welch, d'A.A. Amer. children's books,</subfield>
            <subfield code="c">151.6</subfield>
          </datafield>
          <datafield tag="500" ind1=" " ind2=" ">
            <subfield code="a">Includes a paraphrase of Isaiah, chapter 53 in verse, p. [2].</subfield>
          </datafield>
          <datafield tag="500" ind1=" " ind2=" ">
            <subfield code="a">"Hymn. Christ's condescending to regard little children.--Mark 10th chap."--Page [23].</subfield>
          </datafield>
          <datafield tag="500" ind1=" " ind2=" ">
            <subfield code="a">"A good variety of pleasing small books, suitable for presents and rewards in Sabbath schools, constantly for sale by W. &amp; J. Gilman ..."--Advertisement, back cover.</subfield>
          </datafield>
          <datafield tag="563" ind1=" " ind2=" ">
            <subfield code="a">Publisher's salmon-colored wrappers with later over-stitching along spine.</subfield>
          </datafield>
          <datafield tag="650" ind1=" " ind2="0">
            <subfield code="a">Children's stories.</subfield>
          </datafield>
          <datafield tag="650" ind1=" " ind2="0">
            <subfield code="a">Animals</subfield>
            <subfield code="v">Juvenile fiction.</subfield>
          </datafield>
          <datafield tag="650" ind1=" " ind2="4">
            <subfield code="a">Women as authors.</subfield>
          </datafield>
          <datafield tag="650" ind1=" " ind2="7">
            <subfield code="a">Animals.</subfield>
            <subfield code="2">fast</subfield>
            <subfield code="0">(OCoLC)fst00809468</subfield>
          </datafield>
          <datafield tag="650" ind1=" " ind2="7">
            <subfield code="a">Children's stories.</subfield>
            <subfield code="2">fast</subfield>
            <subfield code="0">(OCoLC)fst00856632</subfield>
          </datafield>
          <datafield tag="655" ind1=" " ind2="7">
            <subfield code="a">Fiction.</subfield>
            <subfield code="2">fast</subfield>
            <subfield code="0">(OCoLC)fst01423787</subfield>
          </datafield>
          <datafield tag="655" ind1=" " ind2="7">
            <subfield code="a">Juvenile works.</subfield>
            <subfield code="2">fast</subfield>
            <subfield code="0">(OCoLC)fst01411637</subfield>
          </datafield>
          <datafield tag="655" ind1=" " ind2="7">
            <subfield code="a">Juvenile literature</subfield>
            <subfield code="y">1820.</subfield>
            <subfield code="2">rbgenr</subfield>
          </datafield>
          <datafield tag="655" ind1=" " ind2="7">
            <subfield code="a">Allegories.</subfield>
            <subfield code="2">rbgenr</subfield>
          </datafield>
          <datafield tag="655" ind1=" " ind2="7">
            <subfield code="a">Poems</subfield>
            <subfield code="y">1820.</subfield>
            <subfield code="2">rbgenr</subfield>
          </datafield>
          <datafield tag="655" ind1=" " ind2="7">
            <subfield code="a">Hymns.</subfield>
            <subfield code="2">rbgenr</subfield>
          </datafield>
          <datafield tag="655" ind1=" " ind2="7">
            <subfield code="a">Booksellers' advertisements</subfield>
            <subfield code="z">Massachusetts</subfield>
            <subfield code="z">Newburyport.</subfield>
            <subfield code="2">rbgenr</subfield>
          </datafield>
          <datafield tag="655" ind1=" " ind2="7">
            <subfield code="a">Printed wrappers (Binding)</subfield>
            <subfield code="2">rbbin</subfield>
          </datafield>
          <datafield tag="710" ind1="2" ind2=" ">
            <subfield code="a">W. &amp; J. Gilman (Firm),</subfield>
            <subfield code="e">publisher.</subfield>
          </datafield>
          <datafield tag="752" ind1=" " ind2=" ">
            <subfield code="a">United States</subfield>
            <subfield code="b">Massachusetts</subfield>
            <subfield code="d">Newburyport.</subfield>
          </datafield>
          <datafield tag="948" ind1=" " ind2=" ">
            <subfield code="h">HELD BY MVS - 4 OTHER HOLDINGS</subfield>
          </datafield>
          <datafield tag="949" ind1=" " ind2=" ">
            <subfield code="i">AUTHORITY</subfield>
          </datafield>
          <datafield tag="994" ind1=" " ind2=" ">
            <subfield code="a">Z0</subfield>
            <subfield code="b">MVS</subfield>
          </datafield>
          <datafield tag="900" ind1="0" ind2=" ">
            <subfield code="b">MILL</subfield>
            <subfield code="c">SCRB</subfield>
            <subfield code="h">BV4571</subfield>
            <subfield code="i">.C35x 1820</subfield>
            <subfield code="8">2236159550003569</subfield>
          </datafield>
        </record>
      </metadata>
    </record>