
    <record>
      <header>
        <identifier>oai:alma.01SSHELCOMILLRSVL:997631022103569</identifier>
        <datestamp>2019-02-01T12:06:40Z</datestamp>
        <setSpec>EDS:Set01</setSpec>
      </header>
      <metadata>
        <record xmlns="http://www.loc.gov/MARC21/slim" xmlns:xsi="http://www.w3.org/2001/XMLSchema-instance" xsi:schemaLocation="http://www.loc.gov/MARC21/slim http://www.loc.gov/standards/marcxml/schema/MARC21slim.xsd" >
          <leader>02100cam a22005054a 4500</leader>
          <controlfield tag="005">20180914150544.0</controlfield>
          <controlfield tag="008">030715s2003    vaua     b    001 0 eng  </controlfield>
          <controlfield tag="001">997631022103569</controlfield>
          <datafield tag="010" ind1=" " ind2=" ">
            <subfield code="a">  2003015999</subfield>
          </datafield>
          <datafield tag="020" ind1=" " ind2=" ">
            <subfield code="a">0871208016</subfield>
            <subfield code="q">(pbk. ;</subfield>
            <subfield code="q">alk. paper)</subfield>
          </datafield>
          <datafield tag="020" ind1=" " ind2=" ">
            <subfield code="a">9780871208019</subfield>
            <subfield code="q">(pbk. ;</subfield>
            <subfield code="q">alk. paper)</subfield>
          </datafield>
          <datafield tag="029" ind1="1" ind2=" ">
            <subfield code="a">AU@</subfield>
            <subfield code="b">000024806587</subfield>
          </datafield>
          <datafield tag="029" ind1="1" ind2=" ">
            <subfield code="a">DEBBG</subfield>
            <subfield code="b">BV017366597</subfield>
          </datafield>
          <datafield tag="029" ind1="1" ind2=" ">
            <subfield code="a">NZ1</subfield>
            <subfield code="b">7839657</subfield>
          </datafield>
          <datafield tag="035" ind1=" " ind2=" ">
            <subfield code="a">(OCoLC)52644472</subfield>
          </datafield>
          <datafield tag="035" ind1=" " ind2=" ">
            <subfield code="a">(OCoLC)ocm52644472 </subfield>
          </datafield>
          <datafield tag="040" ind1=" " ind2=" ">
            <subfield code="a">DLC</subfield>
            <subfield code="b">eng</subfield>
            <subfield code="c">DLC</subfield>
            <subfield code="d">BAKER</subfield>
            <subfield code="d">BTCTA</subfield>
            <subfield code="d">YDXCP</subfield>
            <subfield code="d">UQ1</subfield>
            <subfield code="d">DEBBG</subfield>
            <subfield code="d">OCLCQ</subfield>
            <subfield code="d">ICN</subfield>
            <subfield code="d">BDX</subfield>
            <subfield code="d">OKN</subfield>
            <subfield code="d">OCLCF</subfield>
            <subfield code="d">OCLCQ</subfield>
            <subfield code="d">OCLCO</subfield>
            <subfield code="d">OCLCQ</subfield>
            <subfield code="d">XBE</subfield>
            <subfield code="d">MVS</subfield>
          </datafield>
          <datafield tag="042" ind1=" " ind2=" ">
            <subfield code="a">pcc</subfield>
          </datafield>
          <datafield tag="043" ind1=" " ind2=" ">
            <subfield code="a">n-us---</subfield>
          </datafield>
          <datafield tag="049" ind1=" " ind2=" ">
            <subfield code="a">MVSS</subfield>
          </datafield>
          <datafield tag="050" ind1="0" ind2="0">
            <subfield code="a">LB1065</subfield>
            <subfield code="b">.S23 2003</subfield>
          </datafield>
          <datafield tag="082" ind1="0" ind2="0">
            <subfield code="a">370.15/4</subfield>
            <subfield code="2">22</subfield>
          </datafield>
          <datafield tag="084" ind1=" " ind2=" ">
            <subfield code="a">5,3</subfield>
            <subfield code="2">ssgn</subfield>
          </datafield>
          <datafield tag="084" ind1=" " ind2=" ">
            <subfield code="a">DO 1252</subfield>
            <subfield code="2">rvk</subfield>
          </datafield>
          <datafield tag="100" ind1="1" ind2=" ">
            <subfield code="a">Sagor, Richard.</subfield>
          </datafield>
          <datafield tag="245" ind1="1" ind2="0">
            <subfield code="a">Motivating students and teachers in an era of standards /</subfield>
            <subfield code="c">Richard Sagor.</subfield>
          </datafield>
          <datafield tag="260" ind1=" " ind2=" ">
            <subfield code="a">Alexandria, VA :</subfield>
            <subfield code="b">Association for Supervision and Curriculum Development,</subfield>
            <subfield code="c">©2003.</subfield>
          </datafield>
          <datafield tag="300" ind1=" " ind2=" ">
            <subfield code="a">v, 152 pages :</subfield>
            <subfield code="b">illustrations ;</subfield>
            <subfield code="c">23 cm</subfield>
          </datafield>
          <datafield tag="336" ind1=" " ind2=" ">
            <subfield code="a">text</subfield>
            <subfield code="b">txt</subfield>
            <subfield code="2">rdacontent</subfield>
          </datafield>
          <datafield tag="337" ind1=" " ind2=" ">
            <subfield code="a">unmediated</subfield>
            <subfield code="b">n</subfield>
            <subfield code="2">rdamedia</subfield>
          </datafield>
          <datafield tag="338" ind1=" " ind2=" ">
            <subfield code="a">volume</subfield>
            <subfield code="b">nc</subfield>
            <subfield code="2">rdacarrier</subfield>
          </datafield>
          <datafield tag="500" ind1=" " ind2=" ">
            <subfield code="a">"ASCD product no.: 103009"--Title page verso.</subfield>
          </datafield>
          <datafield tag="504" ind1=" " ind2=" ">
            <subfield code="a">Includes bibliographical references (pages 145-147) and index.</subfield>
          </datafield>
          <datafield tag="505" ind1="0" ind2=" ">
            <subfield code="a">Identifying our basic psychological needs -- Creating a meaningful sense of competence -- Strengthening our sense of belonging -- Building feelings of usefulness -- Producing feelings of potency -- Institutionalizing optimism.</subfield>
          </datafield>
          <datafield tag="650" ind1=" " ind2="0">
            <subfield code="a">Motivation in education</subfield>
            <subfield code="z">United States.</subfield>
          </datafield>
          <datafield tag="650" ind1=" " ind2="0">
            <subfield code="a">Education</subfield>
            <subfield code="x">Standards</subfield>
            <subfield code="z">United States.</subfield>
          </datafield>
          <datafield tag="650" ind1=" " ind2="7">
            <subfield code="a">Education</subfield>
            <subfield code="x">Standards.</subfield>
            <subfield code="2">fast</subfield>
            <subfield code="0">(OCoLC)fst00902789</subfield>
          </datafield>
          <datafield tag="650" ind1=" " ind2="7">
            <subfield code="a">Motivation in education.</subfield>
            <subfield code="2">fast</subfield>
            <subfield code="0">(OCoLC)fst01027541</subfield>
          </datafield>
          <datafield tag="651" ind1=" " ind2="7">
            <subfield code="a">United States.</subfield>
            <subfield code="2">fast</subfield>
            <subfield code="0">(OCoLC)fst01204155</subfield>
          </datafield>
          <datafield tag="938" ind1=" " ind2=" ">
            <subfield code="a">Baker &amp; Taylor</subfield>
            <subfield code="b">BKTY</subfield>
            <subfield code="c">5.95</subfield>
            <subfield code="d">10.90</subfield>
            <subfield code="i">0871208016</subfield>
            <subfield code="n">0004291574</subfield>
            <subfield code="s">active</subfield>
          </datafield>
          <datafield tag="938" ind1=" " ind2=" ">
            <subfield code="a">Brodart</subfield>
            <subfield code="b">BROD</subfield>
            <subfield code="n">02165155</subfield>
            <subfield code="c">$5.95</subfield>
          </datafield>
          <datafield tag="938" ind1=" " ind2=" ">
            <subfield code="a">Baker and Taylor</subfield>
            <subfield code="b">BTCP</subfield>
            <subfield code="n">2003015999</subfield>
          </datafield>
          <datafield tag="938" ind1=" " ind2=" ">
            <subfield code="a">YBP Library Services</subfield>
            <subfield code="b">YANK</subfield>
            <subfield code="n">2020871</subfield>
          </datafield>
          <datafield tag="949" ind1=" " ind2=" ">
            <subfield code="b">33151009166689</subfield>
          </datafield>
          <datafield tag="994" ind1=" " ind2=" ">
            <subfield code="a">C0</subfield>
            <subfield code="b">MVS</subfield>
          </datafield>
          <datafield tag="900" ind1="0" ind2=" ">
            <subfield code="b">MILL</subfield>
            <subfield code="c">B</subfield>
            <subfield code="h">LB1065</subfield>
            <subfield code="i">.S23 2003</subfield>
            <subfield code="8">2236038090003569</subfield>
          </datafield>
        </record>
      </metadata>
    </record>