
    <record>
      <header>
        <identifier>oai:alma.01SSHELCOMILLRSVL:997630410503569</identifier>
        <datestamp>2019-02-01T12:06:40Z</datestamp>
        <setSpec>EDS:Set01</setSpec>
      </header>
      <metadata>
        <record xmlns="http://www.loc.gov/MARC21/slim" xmlns:xsi="http://www.w3.org/2001/XMLSchema-instance" xsi:schemaLocation="http://www.loc.gov/MARC21/slim http://www.loc.gov/standards/marcxml/schema/MARC21slim.xsd" >
          <leader>01333nam a2200301Ii 4500</leader>
          <controlfield tag="005">20181114131224.0</controlfield>
          <controlfield tag="008">181114t18491846pau           000 0 eng d</controlfield>
          <controlfield tag="001">997630410503569</controlfield>
          <datafield tag="035" ind1=" " ind2=" ">
            <subfield code="a">(OCoLC)1065526004</subfield>
          </datafield>
          <datafield tag="035" ind1=" " ind2=" ">
            <subfield code="a">(OCoLC)on1065526004</subfield>
          </datafield>
          <datafield tag="040" ind1=" " ind2=" ">
            <subfield code="a">MVS</subfield>
            <subfield code="b">eng</subfield>
            <subfield code="e">rda</subfield>
            <subfield code="c">MVS</subfield>
          </datafield>
          <datafield tag="050" ind1=" " ind2="4">
            <subfield code="a">QA101</subfield>
            <subfield code="b">.S635 1849</subfield>
          </datafield>
          <datafield tag="090" ind1=" " ind2=" ">
            <subfield code="a">Z1033.A84</subfield>
            <subfield code="b">R68 S65x 1849</subfield>
          </datafield>
          <datafield tag="100" ind1="1" ind2=" ">
            <subfield code="a">Smiley, Thomas T.</subfield>
            <subfield code="q">(Thomas Tucker),</subfield>
            <subfield code="d">-1879,</subfield>
            <subfield code="e">author.</subfield>
          </datafield>
          <datafield tag="245" ind1="1" ind2="2">
            <subfield code="a">A complete key to Smiley's New federal calculator, or Scholar's assistant :</subfield>
            <subfield code="b">in which the method of solving all the questions contained in that work is exhibited at large : designed to facilitate the labour of teachers, and assist those who have not the advantage of a tutor's aid /</subfield>
            <subfield code="c">by Thomas T. Smiley.</subfield>
          </datafield>
          <datafield tag="264" ind1=" " ind2="1">
            <subfield code="a">Philadelphia :</subfield>
            <subfield code="b">Published and for sale by Grigg, Elliot &amp; Co.,</subfield>
            <subfield code="c">1849.</subfield>
          </datafield>
          <datafield tag="264" ind1=" " ind2="4">
            <subfield code="c">©1846</subfield>
          </datafield>
          <datafield tag="300" ind1=" " ind2=" ">
            <subfield code="a">177 pages ;</subfield>
            <subfield code="c">16 cm</subfield>
          </datafield>
          <datafield tag="336" ind1=" " ind2=" ">
            <subfield code="a">text</subfield>
            <subfield code="b">txt</subfield>
            <subfield code="2">rdacontent</subfield>
          </datafield>
          <datafield tag="337" ind1=" " ind2=" ">
            <subfield code="a">unmediated</subfield>
            <subfield code="b">n</subfield>
            <subfield code="2">rdamedia</subfield>
          </datafield>
          <datafield tag="338" ind1=" " ind2=" ">
            <subfield code="a">volume</subfield>
            <subfield code="b">nc</subfield>
            <subfield code="2">rdacarrier</subfield>
          </datafield>
          <datafield tag="541" ind1=" " ind2=" ">
            <subfield code="a">Joseph L. Rousseau ;</subfield>
            <subfield code="c">gift,</subfield>
            <subfield code="d">2008.</subfield>
          </datafield>
          <datafield tag="650" ind1=" " ind2="0">
            <subfield code="a">Arithmetic</subfield>
            <subfield code="v">Early works to 1900.</subfield>
          </datafield>
          <datafield tag="650" ind1=" " ind2="7">
            <subfield code="a">Arithmetic.</subfield>
            <subfield code="2">fast</subfield>
            <subfield code="0">(OCoLC)fst00814484</subfield>
          </datafield>
          <datafield tag="655" ind1=" " ind2="7">
            <subfield code="a">Early works.</subfield>
            <subfield code="2">fast</subfield>
            <subfield code="0">(OCoLC)fst01411636</subfield>
          </datafield>
          <datafield tag="700" ind1="1" ind2=" ">
            <subfield code="a">Smiley, Thomas T.</subfield>
            <subfield code="q">(Thomas Tucker),</subfield>
            <subfield code="d">-1879.</subfield>
            <subfield code="t">New federal calculator.</subfield>
          </datafield>
          <datafield tag="948" ind1=" " ind2=" ">
            <subfield code="h">HELD BY MVS - 0 OTHER HOLDINGS</subfield>
          </datafield>
          <datafield tag="994" ind1=" " ind2=" ">
            <subfield code="a">Z0</subfield>
            <subfield code="b">MVS</subfield>
          </datafield>
          <datafield tag="900" ind1="0" ind2=" ">
            <subfield code="b">MILL</subfield>
            <subfield code="c">SCRB</subfield>
            <subfield code="h">Z1033.A84</subfield>
            <subfield code="i">R68 S65x 1849</subfield>
            <subfield code="8">2235946530003569</subfield>
          </datafield>
        </record>
      </metadata>
    </record>