
    <record>
      <header>
        <identifier>oai:alma.01SSHELCOMILLRSVL:997647023503569</identifier>
        <datestamp>2019-02-01T12:06:40Z</datestamp>
        <setSpec>EDS:Set01</setSpec>
      </header>
      <metadata>
        <record xmlns="http://www.loc.gov/MARC21/slim" xmlns:xsi="http://www.w3.org/2001/XMLSchema-instance" xsi:schemaLocation="http://www.loc.gov/MARC21/slim http://www.loc.gov/standards/marcxml/schema/MARC21slim.xsd" >
          <leader>00204nam  22000853u 4500</leader>
          <controlfield tag="008">190123s2013####xx######r#####000#0#eng#d</controlfield>
          <controlfield tag="005">20190123175251.0</controlfield>
          <controlfield tag="001">997647023503569</controlfield>
          <datafield tag="050" ind1=" " ind2="4">
            <subfield code="a">PERSONAL ITEM WEIS</subfield>
          </datafield>
          <datafield tag="245" ind1="1" ind2="0">
            <subfield code="a">BOUND IN WEDLOCK</subfield>
          </datafield>
          <datafield tag="900" ind1="0" ind2=" ">
            <subfield code="b">MILL</subfield>
            <subfield code="c">RESS</subfield>
            <subfield code="h">PERSONAL ITEM WEIS</subfield>
            <subfield code="8">2237909170003569</subfield>
          </datafield>
        </record>
      </metadata>
    </record>