
    <record>
      <header>
        <identifier>oai:alma.01SSHELCOMILLRSVL:997636626103569</identifier>
        <datestamp>2019-02-01T12:06:40Z</datestamp>
        <setSpec>EDS:Set01</setSpec>
      </header>
      <metadata>
        <record xmlns="http://www.loc.gov/MARC21/slim" xmlns:xsi="http://www.w3.org/2001/XMLSchema-instance" xsi:schemaLocation="http://www.loc.gov/MARC21/slim http://www.loc.gov/standards/marcxml/schema/MARC21slim.xsd" >
          <leader>02869cam a2200529 i 4500</leader>
          <controlfield tag="005">20181107104559.0</controlfield>
          <controlfield tag="008">821101t19521952nyuaf         000 d eng  </controlfield>
          <controlfield tag="001">997636626103569</controlfield>
          <datafield tag="010" ind1=" " ind2=" ">
            <subfield code="a">   52005920 </subfield>
          </datafield>
          <datafield tag="019" ind1=" " ind2=" ">
            <subfield code="a">861233</subfield>
            <subfield code="a">773478258</subfield>
            <subfield code="a">844535391</subfield>
            <subfield code="a">979164653</subfield>
            <subfield code="a">993146852</subfield>
          </datafield>
          <datafield tag="035" ind1=" " ind2=" ">
            <subfield code="a">(OCoLC)35749858</subfield>
            <subfield code="z">(OCoLC)861233</subfield>
            <subfield code="z">(OCoLC)773478258</subfield>
            <subfield code="z">(OCoLC)844535391</subfield>
            <subfield code="z">(OCoLC)979164653</subfield>
            <subfield code="z">(OCoLC)993146852</subfield>
          </datafield>
          <datafield tag="035" ind1=" " ind2=" ">
            <subfield code="a">(OCoLC)ocm35749858 </subfield>
          </datafield>
          <datafield tag="040" ind1=" " ind2=" ">
            <subfield code="a">DLC</subfield>
            <subfield code="b">eng</subfield>
            <subfield code="e">rda</subfield>
            <subfield code="c">DLC</subfield>
            <subfield code="d">TAP</subfield>
            <subfield code="d">CSU</subfield>
            <subfield code="d">DRB</subfield>
            <subfield code="d">EYM</subfield>
            <subfield code="d">CGN</subfield>
            <subfield code="d">NIALS</subfield>
            <subfield code="d">CSO</subfield>
            <subfield code="d">SAP</subfield>
            <subfield code="d">OCLCF</subfield>
            <subfield code="d">SWW</subfield>
            <subfield code="d">OCLCA</subfield>
            <subfield code="d">TXA</subfield>
            <subfield code="d">OCLCA</subfield>
          </datafield>
          <datafield tag="042" ind1=" " ind2=" ">
            <subfield code="a">pcc</subfield>
          </datafield>
          <datafield tag="043" ind1=" " ind2=" ">
            <subfield code="a">e-gx---</subfield>
          </datafield>
          <datafield tag="050" ind1="0" ind2="0">
            <subfield code="a">PR6043.A4</subfield>
            <subfield code="b">I13 1952</subfield>
          </datafield>
          <datafield tag="051" ind1=" " ind2=" ">
            <subfield code="a">PR6043.A4</subfield>
            <subfield code="b">I13 Copy 4</subfield>
            <subfield code="c">Signed by Christopher Isherwood. Inscribed by Julie Harris: For Stathis, love from the very first Sally Bowles, Julie Harris, September 1985. In dust jacket.</subfield>
          </datafield>
          <datafield tag="082" ind1="0" ind2="4">
            <subfield code="a">822.91</subfield>
          </datafield>
          <datafield tag="090" ind1=" " ind2=" ">
            <subfield code="a">Z1033.A84</subfield>
            <subfield code="b">K45 V355x 1952</subfield>
          </datafield>
          <datafield tag="100" ind1="1" ind2=" ">
            <subfield code="a">Van Druten, John,</subfield>
            <subfield code="d">1901-1957,</subfield>
            <subfield code="e">author.</subfield>
          </datafield>
          <datafield tag="245" ind1="1" ind2="0">
            <subfield code="a">I am a camera :</subfield>
            <subfield code="b">a play in three acts /</subfield>
            <subfield code="c">by John Van Druten ; adapted from the Berlin stories of Christopher Isherwood.</subfield>
          </datafield>
          <datafield tag="264" ind1=" " ind2="1">
            <subfield code="a">New York :</subfield>
            <subfield code="b">Random House,</subfield>
            <subfield code="c">[1952]</subfield>
          </datafield>
          <datafield tag="264" ind1=" " ind2="4">
            <subfield code="c">©1952</subfield>
          </datafield>
          <datafield tag="300" ind1=" " ind2=" ">
            <subfield code="a">182 pages, 2 unnumbered leaves of plates :</subfield>
            <subfield code="b">illustrations ;</subfield>
            <subfield code="c">21 cm</subfield>
          </datafield>
          <datafield tag="336" ind1=" " ind2=" ">
            <subfield code="a">text</subfield>
            <subfield code="b">txt</subfield>
            <subfield code="2">rdacontent</subfield>
          </datafield>
          <datafield tag="337" ind1=" " ind2=" ">
            <subfield code="a">unmediated</subfield>
            <subfield code="b">n</subfield>
            <subfield code="2">rdamedia</subfield>
          </datafield>
          <datafield tag="338" ind1=" " ind2=" ">
            <subfield code="a">volume</subfield>
            <subfield code="b">nc</subfield>
            <subfield code="2">rdacarrier</subfield>
          </datafield>
          <datafield tag="520" ind1=" " ind2=" ">
            <subfield code="a">This play, inspired by Isherwood's stories, was a partial basis for the film musical "Cabaret" starring Liza Minneli. The story-line centers on the activities of a group of music hall entertainers in Nazi Germany prior to WWII.</subfield>
          </datafield>
          <datafield tag="541" ind1=" " ind2=" ">
            <subfield code="a">The Bruce Kellner Under-Read and Under-Rated Author Collection;</subfield>
            <subfield code="c">gift,</subfield>
            <subfield code="d">2010.</subfield>
          </datafield>
          <datafield tag="561" ind1=" " ind2=" ">
            <subfield code="a">Bruce Kellner bookplate of inside front cover.</subfield>
          </datafield>
          <datafield tag="650" ind1=" " ind2="0">
            <subfield code="a">Pictorial bindings</subfield>
            <subfield code="v">Specimens.</subfield>
          </datafield>
          <datafield tag="650" ind1=" " ind2="0">
            <subfield code="a">Book jackets</subfield>
            <subfield code="v">Specimens.</subfield>
          </datafield>
          <datafield tag="650" ind1=" " ind2="0">
            <subfield code="a">Publishers' bindings</subfield>
            <subfield code="z">New York (State)</subfield>
          </datafield>
          <datafield tag="651" ind1=" " ind2="0">
            <subfield code="a">Berlin (Germany)</subfield>
            <subfield code="v">Drama.</subfield>
          </datafield>
          <datafield tag="651" ind1=" " ind2="7">
            <subfield code="a">Germany</subfield>
            <subfield code="z">Berlin.</subfield>
            <subfield code="2">fast</subfield>
            <subfield code="0">(OCoLC)fst01204829</subfield>
          </datafield>
          <datafield tag="655" ind1=" " ind2="7">
            <subfield code="a">Pictorial cloth bindings (Binding)</subfield>
            <subfield code="z">United States</subfield>
            <subfield code="y">1952.</subfield>
            <subfield code="2">rbbin</subfield>
          </datafield>
          <datafield tag="655" ind1=" " ind2="7">
            <subfield code="a">Publishers' cloth bindings (Binding)</subfield>
            <subfield code="z">United States</subfield>
            <subfield code="y">1952.</subfield>
            <subfield code="2">rbbin</subfield>
          </datafield>
          <datafield tag="655" ind1=" " ind2="7">
            <subfield code="a">Drama.</subfield>
            <subfield code="2">fast</subfield>
            <subfield code="0">(OCoLC)fst01423879</subfield>
          </datafield>
          <datafield tag="700" ind1="1" ind2=" ">
            <subfield code="i">Dramatization of (work):</subfield>
            <subfield code="a">Isherwood, Christopher,</subfield>
            <subfield code="d">1904-1986.</subfield>
            <subfield code="t">Berlin stories.</subfield>
          </datafield>
          <datafield tag="700" ind1="1" ind2=" ">
            <subfield code="a">Harris, Julie,</subfield>
            <subfield code="d">1925-2013,</subfield>
            <subfield code="e">inscriber.</subfield>
            <subfield code="5">DLC</subfield>
          </datafield>
          <datafield tag="700" ind1="1" ind2=" ">
            <subfield code="a">Isherwood, Christopher,</subfield>
            <subfield code="d">1904-1986,</subfield>
            <subfield code="e">autographer.</subfield>
            <subfield code="5">DLC</subfield>
          </datafield>
          <datafield tag="700" ind1="1" ind2=" ">
            <subfield code="a">Prince, William,</subfield>
            <subfield code="d">1913-1996,</subfield>
            <subfield code="e">autographer.</subfield>
            <subfield code="5">TXA</subfield>
          </datafield>
          <datafield tag="710" ind1="2" ind2=" ">
            <subfield code="a">Stathis Orphanos Christopher Isherwood Collection (Library of Congress)</subfield>
            <subfield code="5">DLC</subfield>
          </datafield>
          <datafield tag="710" ind1="2" ind2=" ">
            <subfield code="a">Ralph Sylvester and Stathis Orphanos Collection (Library of Congress)</subfield>
            <subfield code="5">DLC</subfield>
          </datafield>
          <datafield tag="776" ind1="0" ind2="8">
            <subfield code="i">Online version:</subfield>
            <subfield code="a">Van Druten, John, 1901-1957.</subfield>
            <subfield code="t">I am a camera.</subfield>
            <subfield code="b">[Fireside Theatre Book Club ed.].</subfield>
            <subfield code="d">New York : Random House, ©1952</subfield>
            <subfield code="w">(OCoLC)576403788</subfield>
          </datafield>
          <datafield tag="948" ind1=" " ind2=" ">
            <subfield code="h">HELD BY MVS - 617 OTHER HOLDINGS</subfield>
          </datafield>
          <datafield tag="994" ind1=" " ind2=" ">
            <subfield code="a">Z0</subfield>
            <subfield code="b">MVS</subfield>
          </datafield>
          <datafield tag="900" ind1="0" ind2=" ">
            <subfield code="b">MILL</subfield>
            <subfield code="c">SCRB</subfield>
            <subfield code="h">Z1033.A84</subfield>
            <subfield code="i">K45 V355x 1952</subfield>
            <subfield code="8">2236679970003569</subfield>
          </datafield>
        </record>
      </metadata>
    </record>