
    <record>
      <header>
        <identifier>oai:alma.01SSHELCOMILLRSVL:997633025403569</identifier>
        <datestamp>2019-02-01T12:06:40Z</datestamp>
        <setSpec>EDS:Set01</setSpec>
      </header>
      <metadata>
        <record xmlns="http://www.loc.gov/MARC21/slim" xmlns:xsi="http://www.w3.org/2001/XMLSchema-instance" xsi:schemaLocation="http://www.loc.gov/MARC21/slim http://www.loc.gov/standards/marcxml/schema/MARC21slim.xsd" >
          <leader>03324cam  22008054a 4500</leader>
          <controlfield tag="005">20181022143452.0</controlfield>
          <controlfield tag="008">080718s2009    nyua   b      000 1 eng  </controlfield>
          <controlfield tag="001">997633025403569</controlfield>
          <datafield tag="010" ind1=" " ind2=" ">
            <subfield code="a">  2008024646</subfield>
          </datafield>
          <datafield tag="019" ind1=" " ind2=" ">
            <subfield code="a">232978024</subfield>
            <subfield code="a">298774617</subfield>
            <subfield code="a">309296473</subfield>
            <subfield code="a">1003684778</subfield>
          </datafield>
          <datafield tag="020" ind1=" " ind2=" ">
            <subfield code="a">9780061703683</subfield>
            <subfield code="q">(pbk.)</subfield>
          </datafield>
          <datafield tag="020" ind1=" " ind2=" ">
            <subfield code="a">0061703680</subfield>
            <subfield code="q">(pbk.)</subfield>
          </datafield>
          <datafield tag="020" ind1=" " ind2=" ">
            <subfield code="a">9780061703690</subfield>
            <subfield code="q">(trade bdg.)</subfield>
          </datafield>
          <datafield tag="020" ind1=" " ind2=" ">
            <subfield code="a">0061703699</subfield>
            <subfield code="q">(trade bdg.)</subfield>
          </datafield>
          <datafield tag="020" ind1=" " ind2=" ">
            <subfield code="a">9781439593578</subfield>
            <subfield code="q">(hc)</subfield>
          </datafield>
          <datafield tag="020" ind1=" " ind2=" ">
            <subfield code="a">1439593574</subfield>
            <subfield code="q">(hc)</subfield>
          </datafield>
          <datafield tag="020" ind1=" " ind2=" ">
            <subfield code="a">9780329699444</subfield>
            <subfield code="q">(Follett)</subfield>
          </datafield>
          <datafield tag="020" ind1=" " ind2=" ">
            <subfield code="a">032969944X</subfield>
            <subfield code="q">(Follett)</subfield>
          </datafield>
          <datafield tag="020" ind1=" " ind2=" ">
            <subfield code="a">9780605234888</subfield>
            <subfield code="q">(Permabound)</subfield>
          </datafield>
          <datafield tag="020" ind1=" " ind2=" ">
            <subfield code="a">0605234884</subfield>
            <subfield code="q">(Permabound)</subfield>
          </datafield>
          <datafield tag="020" ind1=" " ind2=" ">
            <subfield code="a">0606051309</subfield>
          </datafield>
          <datafield tag="020" ind1=" " ind2=" ">
            <subfield code="a">9780606051309</subfield>
          </datafield>
          <datafield tag="029" ind1="1" ind2=" ">
            <subfield code="a">AU@</subfield>
            <subfield code="b">000043258661</subfield>
          </datafield>
          <datafield tag="029" ind1="1" ind2=" ">
            <subfield code="a">AU@</subfield>
            <subfield code="b">000054549390</subfield>
          </datafield>
          <datafield tag="029" ind1="1" ind2=" ">
            <subfield code="a">IG#</subfield>
            <subfield code="b">9780061703683</subfield>
          </datafield>
          <datafield tag="029" ind1="1" ind2=" ">
            <subfield code="a">NZ1</subfield>
            <subfield code="b">12841954</subfield>
          </datafield>
          <datafield tag="035" ind1=" " ind2=" ">
            <subfield code="a">(OCoLC)232978023</subfield>
            <subfield code="z">(OCoLC)232978024</subfield>
            <subfield code="z">(OCoLC)298774617</subfield>
            <subfield code="z">(OCoLC)309296473</subfield>
            <subfield code="z">(OCoLC)1003684778</subfield>
          </datafield>
          <datafield tag="035" ind1=" " ind2=" ">
            <subfield code="a">(OCoLC)ocn232978023</subfield>
          </datafield>
          <datafield tag="040" ind1=" " ind2=" ">
            <subfield code="a">DLC</subfield>
            <subfield code="b">eng</subfield>
            <subfield code="c">DLC</subfield>
            <subfield code="d">BTCTA</subfield>
            <subfield code="d">BAKER</subfield>
            <subfield code="d">PLF</subfield>
            <subfield code="d">WIQ</subfield>
            <subfield code="d">WL8</subfield>
            <subfield code="d">IG#</subfield>
            <subfield code="d">EHH</subfield>
            <subfield code="d">CQU</subfield>
            <subfield code="d">UPZ</subfield>
            <subfield code="d">KCP</subfield>
            <subfield code="d">XY4</subfield>
            <subfield code="d">VP@</subfield>
            <subfield code="d">OCLCQ</subfield>
            <subfield code="d">CGB</subfield>
            <subfield code="d">OCLCA</subfield>
            <subfield code="d">E4K</subfield>
            <subfield code="d">OCLCO</subfield>
            <subfield code="d">OCLCQ</subfield>
            <subfield code="d">OCLCO</subfield>
            <subfield code="d">DAD</subfield>
            <subfield code="d">OCLCF</subfield>
            <subfield code="d">OCLCO</subfield>
            <subfield code="d">YDXCP</subfield>
            <subfield code="d">TDS</subfield>
            <subfield code="d">FEM</subfield>
            <subfield code="d">OCL</subfield>
            <subfield code="d">OCLCA</subfield>
            <subfield code="d">OCL</subfield>
            <subfield code="d">ALPEL</subfield>
            <subfield code="d">OCLCQ</subfield>
            <subfield code="d">KL6</subfield>
            <subfield code="d">MDK</subfield>
            <subfield code="d">QT7</subfield>
            <subfield code="d">TXUPP</subfield>
            <subfield code="d">OCLCA</subfield>
            <subfield code="d">JTH</subfield>
            <subfield code="d">MVS</subfield>
          </datafield>
          <datafield tag="042" ind1=" " ind2=" ">
            <subfield code="a">lcac</subfield>
          </datafield>
          <datafield tag="049" ind1=" " ind2=" ">
            <subfield code="a">MVSS</subfield>
          </datafield>
          <datafield tag="050" ind1="0" ind2="0">
            <subfield code="a">PZ7.O222</subfield>
            <subfield code="b">Daz 2009</subfield>
          </datafield>
          <datafield tag="082" ind1="0" ind2="4">
            <subfield code="a">[E]</subfield>
            <subfield code="2">22</subfield>
          </datafield>
          <datafield tag="100" ind1="1" ind2=" ">
            <subfield code="a">O'Connor, Jane.</subfield>
          </datafield>
          <datafield tag="245" ind1="1" ind2="4">
            <subfield code="a">The dazzling book report /</subfield>
            <subfield code="c">by Jane O'Connor ; cover illustration by Robin Preiss Glasser ; interior illustrations by Ted Enik.</subfield>
          </datafield>
          <datafield tag="250" ind1=" " ind2=" ">
            <subfield code="a">1st ed.</subfield>
          </datafield>
          <datafield tag="260" ind1=" " ind2=" ">
            <subfield code="a">New York :</subfield>
            <subfield code="b">HarperCollins Publishers,</subfield>
            <subfield code="c">©2009.</subfield>
          </datafield>
          <datafield tag="300" ind1=" " ind2=" ">
            <subfield code="a">32 pages :</subfield>
            <subfield code="b">color illustrations ;</subfield>
            <subfield code="c">24 cm.</subfield>
          </datafield>
          <datafield tag="336" ind1=" " ind2=" ">
            <subfield code="a">text</subfield>
            <subfield code="b">txt</subfield>
            <subfield code="2">rdacontent</subfield>
          </datafield>
          <datafield tag="337" ind1=" " ind2=" ">
            <subfield code="a">unmediated</subfield>
            <subfield code="b">n</subfield>
            <subfield code="2">rdamedia</subfield>
          </datafield>
          <datafield tag="338" ind1=" " ind2=" ">
            <subfield code="a">volume</subfield>
            <subfield code="b">nc</subfield>
            <subfield code="2">rdacarrier</subfield>
          </datafield>
          <datafield tag="490" ind1="1" ind2=" ">
            <subfield code="a">Fancy Nancy</subfield>
          </datafield>
          <datafield tag="490" ind1="1" ind2=" ">
            <subfield code="a">I can read! Level 1</subfield>
          </datafield>
          <datafield tag="520" ind1=" " ind2=" ">
            <subfield code="a">Nancy is determined to make the cover of her very first book report as fancy as she can, but she spends so much time on it that she has no time to write about the book.</subfield>
          </datafield>
          <datafield tag="526" ind1="0" ind2=" ">
            <subfield code="a">Accelerated Reader</subfield>
            <subfield code="b">LG</subfield>
            <subfield code="c">2.1</subfield>
            <subfield code="d">0.5</subfield>
            <subfield code="z">130288.</subfield>
          </datafield>
          <datafield tag="600" ind1="0" ind2="0">
            <subfield code="a">Fancy Nancy</subfield>
            <subfield code="c">(Fictitious character)</subfield>
          </datafield>
          <datafield tag="600" ind1="0" ind2="7">
            <subfield code="a">Fancy Nancy</subfield>
            <subfield code="c">(Fictitious character)</subfield>
            <subfield code="2">fast</subfield>
            <subfield code="0">(OCoLC)fst01748522</subfield>
          </datafield>
          <datafield tag="650" ind1=" " ind2="0">
            <subfield code="a">Schools</subfield>
            <subfield code="v">Juvenile fiction.</subfield>
          </datafield>
          <datafield tag="650" ind1=" " ind2="0">
            <subfield code="a">Vocabulary</subfield>
            <subfield code="v">Juvenile fiction.</subfield>
          </datafield>
          <datafield tag="650" ind1=" " ind2="0">
            <subfield code="a">Homework</subfield>
            <subfield code="v">Juvenile fiction.</subfield>
          </datafield>
          <datafield tag="650" ind1=" " ind2="7">
            <subfield code="a">Homework.</subfield>
            <subfield code="2">fast</subfield>
            <subfield code="0">(OCoLC)fst00959653</subfield>
          </datafield>
          <datafield tag="650" ind1=" " ind2="7">
            <subfield code="a">Schools.</subfield>
            <subfield code="2">fast</subfield>
            <subfield code="0">(OCoLC)fst01107958</subfield>
          </datafield>
          <datafield tag="650" ind1=" " ind2="7">
            <subfield code="a">Vocabulary.</subfield>
            <subfield code="2">fast</subfield>
            <subfield code="0">(OCoLC)fst01168328</subfield>
          </datafield>
          <datafield tag="655" ind1=" " ind2="0">
            <subfield code="a">High interest-low vocabulary books.</subfield>
          </datafield>
          <datafield tag="655" ind1=" " ind2="7">
            <subfield code="a">Readers (Elementary)</subfield>
            <subfield code="2">fast</subfield>
            <subfield code="0">(OCoLC)fst01726483</subfield>
          </datafield>
          <datafield tag="655" ind1=" " ind2="7">
            <subfield code="a">Fiction.</subfield>
            <subfield code="2">fast</subfield>
            <subfield code="0">(OCoLC)fst01423787</subfield>
          </datafield>
          <datafield tag="655" ind1=" " ind2="7">
            <subfield code="a">High interest-low vocabulary books.</subfield>
            <subfield code="2">fast</subfield>
            <subfield code="0">(OCoLC)fst01726639</subfield>
          </datafield>
          <datafield tag="655" ind1=" " ind2="7">
            <subfield code="a">Juvenile works.</subfield>
            <subfield code="2">fast</subfield>
            <subfield code="0">(OCoLC)fst01411637</subfield>
          </datafield>
          <datafield tag="655" ind1=" " ind2="7">
            <subfield code="a">Easy books.</subfield>
            <subfield code="2">local</subfield>
          </datafield>
          <datafield tag="700" ind1="1" ind2=" ">
            <subfield code="a">Preiss-Glasser, Robin.</subfield>
          </datafield>
          <datafield tag="700" ind1="1" ind2=" ">
            <subfield code="a">Enik, Ted,</subfield>
            <subfield code="e">illustrator.</subfield>
          </datafield>
          <datafield tag="800" ind1="1" ind2=" ">
            <subfield code="a">O'Connor, Jane.</subfield>
            <subfield code="t">Fancy Nancy.</subfield>
          </datafield>
          <datafield tag="830" ind1=" " ind2="0">
            <subfield code="a">I can read book.</subfield>
          </datafield>
          <datafield tag="938" ind1=" " ind2=" ">
            <subfield code="a">Baker &amp; Taylor</subfield>
            <subfield code="b">BKTY</subfield>
            <subfield code="c">3.99</subfield>
            <subfield code="d">2.99</subfield>
            <subfield code="i">0061703680</subfield>
            <subfield code="n">0007850266</subfield>
            <subfield code="s">active</subfield>
          </datafield>
          <datafield tag="938" ind1=" " ind2=" ">
            <subfield code="a">Baker &amp; Taylor</subfield>
            <subfield code="b">BKTY</subfield>
            <subfield code="c">16.99</subfield>
            <subfield code="d">12.74</subfield>
            <subfield code="i">0061703699</subfield>
            <subfield code="n">0007850265</subfield>
            <subfield code="s">active</subfield>
          </datafield>
          <datafield tag="938" ind1=" " ind2=" ">
            <subfield code="a">Baker and Taylor</subfield>
            <subfield code="b">BTCP</subfield>
            <subfield code="n">BK0008149961</subfield>
          </datafield>
          <datafield tag="938" ind1=" " ind2=" ">
            <subfield code="a">Ingram</subfield>
            <subfield code="b">INGR</subfield>
            <subfield code="n">9780061703683</subfield>
          </datafield>
          <datafield tag="938" ind1=" " ind2=" ">
            <subfield code="a">YBP Library Services</subfield>
            <subfield code="b">YANK</subfield>
            <subfield code="n">8355400</subfield>
          </datafield>
          <datafield tag="949" ind1=" " ind2=" ">
            <subfield code="b">33151009177413</subfield>
          </datafield>
          <datafield tag="994" ind1=" " ind2=" ">
            <subfield code="a">C0</subfield>
            <subfield code="b">MVS</subfield>
          </datafield>
          <datafield tag="900" ind1="0" ind2=" ">
            <subfield code="b">MILL</subfield>
            <subfield code="c">J</subfield>
            <subfield code="h">PZ7.O222</subfield>
            <subfield code="i">Daz 2009</subfield>
            <subfield code="8">2236259630003569</subfield>
          </datafield>
        </record>
      </metadata>
    </record>
    <resumptionToken>2017-01-01@all@EDS:Set01@marc21@1986985590003569</resumptionToken>
  </ListRecords>
</OAI-PMH>
